2446 4350
256 242 346 344 582
512 223 664 343 Eusebia·
694 223 958 357 caesuriem¹

209 498 220 505 Π
258 412 359 511 „bat
406 409 500 491 Illud
515 423 689 513 praeterea
704 411 767 491 lex
781 412 1014 504 continebat,
1030 437 1079 496 ue
1091 413 1181 490 Pra·

257 509 378 605 „fides
405 511 566 609 pecuniis
592 510 786 606 largiendis
814 526 1027 607 parcerent.
1061 513 1123 595 sed
1146 525 1184 596 ut

257 634 333 708 „ex
352 609 596 706 imperialibus
612 608 788 687 thesauris
804 610 965 706 sumptus
988 611 1038 687 ad
1054 616 1185 693 aedium

257 709 463 807 „sacrarum
481 709 738 785 extrustionem
756 711 1065 804 depromerentur.
1096 714 1185 805 Quin

258 810 396 905 „etiam
419 810 466 884 ad
488 807 661 903 cujusque
683 808 754 883 loci
778 807 1020 887 Ecclesrarum
1042 809 1186 892 Antisti·

257 920 342 1007 „tes
360 907 556 987 illiusmodi
573 908 703 983 litterae
719 907 981 997 scribebantur,
1006 909 1186 1004 cujusmo-

258 1008 324 1104 „di
349 1008 458 1085 etiam
484 1007 530 1081 ad
556 1029 614 1079 rne
637 1004 784 1081 scribere
812 1006 984 1102 dignatus
1007 1008 1079 1087 est:
1114 1030 1186 1085 eas·

256 1127 354 1201 „que
378 1107 511 1202 primas
531 1107 577 1178 ad
595 1128 653 1179 me.
674 1107 887 1183 nominatim
909 1106 1056 1182 litteras
1080 1107 1185 1188 dedit

36 1270 39 1283 .
256 1203 494 1299 „Reftoribus
517 1227 660 1298 quoque
677 1205 946 1281 prouinciarum
973 1207 1186 1286 mandatum

256 1300 353 1395 „ost¹
368 1314 409 1381 ut
425 1302 482 1377 his
500 1304 750 1379 convenientia
767 1316 1055 1397 exequerentur:
1082 1307 1185 1385 adeo·
1210 1304 1213 1313 “

195 1404 198 1409 ’
256 1424 355 1499 „que
388 1425 472 1481 curn
505 1404 642 1481 summa
670 1402 855 1479 celeritate
882 1401 979 1499 legis
1007 1419 1185 1508 praecepta

120 1600 126 1611 ἱ
257 1522 393 1601 „opere
414 1498 492 1603 ipso
517 1500 817 1600 adimplebantur.

78 1706 218 1779 trimani
331 1701 367 1779 b·
390 1694 615 1793 „Imperator
640 1718 725 1772 vero
750 1693 845 1771 suam
869 1718 953 1792 erga
972 1695 1099 1779 Deum
1120 1699 1184 1796 psa·

81 1794 225 1877 turpata.
259 1806 399 1887 „tatem
428 1796 589 1893 quotidie
612 1796 796 1891 adaugens
821 1796 870 1872 ad
889 1796 1081 1877 universos
1104 1799 1184 1875 Pro·

75 1895 181 1983 'cotnra
257 1894 456 1989 „vinoiales
485 1896 683 1973 orationem
713 1893 807 1985 misit
836 1895 883 1971 de
914 1913 1039 1976 errore
1068 1897 1184 1979 cultus

57 1964 193 2113 {m
258 1993 573 2088 „simulacrorum,
598 1992 808 2073 &subditos
824 1994 906 2068 suos
924 2016 1013 2073 oum
1033 1996 1192 2091 admira·‚

78 2110 142 2198 (ζμ),
155 2064 240 2208 4m.
256 2093 346 2182 ‚itui
375 2091 542 2169 facundia
576 2092 788 2170 exhortatus
821 2092 891 2179 est,
931 2107 976 2170 ut
1008 2091 1184 2175 summum

113 2170 190 2283 ‘aq‘
256 2193 444 2280 ‚·,onmium
461 2192 580 2267 Deum
604 2190 852 2286 agnoscerent,
880 2188 1035 2290 ejusque
1057 2194 1183 2275 Filium

255 2290 460 2381 „Christum
475 2288 538 2365 srbi
553 2289 782 2367 Servatorem
802 2289 1050 2369 adsciscerent.
1080 2295 1184 2374 Porro

255 2391 350 2484 „has
376 2391 488 2465 etiam
519 2390 659 2465 litteras
685 2413 796 2471 manu
824 2389 931 2487 ipsius
963 2390 1121 2488 scriptas
1143 2417 1182 2471 ex

254 2488 412 2583 „Latino
443 2487 603 2573 sermone
635 2489 673 2565 in
697 2489 864 2565 Graecum
894 2491 1120 2583 transferre,
1151 2491 1181 2572 du

136 2640 140 2653 .
254 2588 380 2684 „operi
411 2586 497 2661 huic
522 2587 689 2663 intexere
722 2588 951 2665 necesarium
986 2591 1103 2680 duxi,
1147 2604 1181 2671 ut

254 2687 392 2785 „ipsum
418 2686 686 2786 quodammodo
709 2687 965 2784 Imperatorem
992 2692 1104 2766 uobis
1125 2716 1181 2770 au·

137 2860 140 2867 ,
254 2788 372 2877 „dire
386 2785 582 2861 uideamur.
601 2836 625 2870 ,‚
675 2785 844 2881 Sequitur
877 2786 1003 2881 modu
1016 2789 1180 2869 Edillum

206 2894 209 2898 ’
252 2883 473 2963 Constantini
511 2885 558 2959 ad
591 2884 833 2960 Provinciales
874 2885 920 2964 de
956 2884 1050 2965 falso
1086 2890 1180 2969 cultu

84 3010 90 3021 ·
133 3065 135 3073 J
252 2984 451 3065 multorum
468 2982 707 3073 deorum,·ab
725 2982 877 3062 Eusebio
897 2985 957 3064 bio
975 2986 1147 3068 relatum.

21 3202 24 3212 ¹
79 3188 219 3282 quasa.
280 3266 283 3273 ¹
327 3202 361 3279 7.
388 3180 526 3267 „Porro
549 3202 631 3255 cum
648 3179 845 3276 Imperator
860 3179 1032 3273 {subditos
1055 3185 1103 3261 ad
1123 3209 1178 3262 ve·

50 3293 126 3340 ,aas
141 3281 227 3342 mata
255 3300 362 3367 „rum
385 3278 453 3357 Del
478 3278 616 3359 cultum
637 3277 792 3353 incitare
818 3294 989 3367 conatur,
1031 3287 1179 3362 nuntius

72 3377 195 3446 propa·
255 3378 328 3470 „ad
349 3401 434 3455 eum
454 3378 613 3474 perlatus
633 3375 681 3451 est
703 3376 749 3454 de
769 3382 925 3474 quodam
947 3405 1021 3458 non
1043 3385 1178 3458 medio-

74 3439 191 3510 Arrun

94 3543 156 3612 cap·
167 3523 207 3593 61
254 3479 331 3562 „ori
345 3477 505 3555 tumultu
521 3479 581 3572 qui
597 3473 772 3552 Ecclesras
790 3493 1049 3573 occupaverat,
1077 3481 1177 3584 cujus

252 3576 359 3663 „haec
391 3576 491 3669 origo
515 3576 594 3655 luit.
644 3575 672 3651 F
674 3575 819 3673 sorebatl
836 3577 999 3674 populus}
1018 3579 1107 3667 Dei,
1142 3579 1177 3659 dr

252 3673 543 3778 „profundissima
569 3673 857 3778 paanelesram
889 3681 1174 3875 communiqqfeq
