2422 4350
180 166 365 334 ‘aranea
380 154 517 368 nares.
552 208 758 339 auara.
800 304 810 308 Α,
835 234 940 355 aaa·

88 399 152 478 lus
179 401 229 482 eu
251 426 337 483 eum
361 424 590 502 permanere,
614 400 654 481 dr
676 403 830 503 primunr
857 402 936 500 quie

88 523 118 578 m
133 503 269 581 nostros
293 503 593 592 aconventib'us,
623 504 686 600 qdi
710 503 748 580 in
766 513 936 579 coemete·

88 600 188 678 rfieri
205 602 387 690 solebant,
407 624 528 679 arcere
543 602 722 697 aggredus
739 599 809 676 eli:
835 601 935 680 deiu-
1126 650 1131 673 ·.
1168 676 1170 682 .

94 699 167 798 iple
191 699 288 778 adse
308 701 526 798 legationem
542 699 661 777 mittit
681 697 853 776 adversus
869 724 947 774 no·.
1049 772 1052 781 ,
1088 778 1094 790 ,
1119 752 1129 797 ,

87 822 143 888 rs,
177 801 377 877 sollicitatis
405 823 474 898 per·
493 801 671 898 quosdam
691 797 848 875 nefarios
870 798 936 873 ho·

87 921 152 974 nes
176 898 495 982 Antiochensibus.
536 912 578 975 ut
601 897 667 974 abs
690 897 726 974 lc
750 909 934 999 peterent,

96 998 156 1073 oui
170 997 461 1076 Christianorum?
468 998 699 1075 Antiochiam
716 996 874 1075 incolere
889 997 934 1075 li·
991 990 995 1015 ¹

86 1112 144 1195 et,
189 1099 351 1186 Quorum
366 1099 528 1174 omniurn
545 1096 667 1173 auctor
684 1097 932 1173 extititflheo·
970 1116 1077 1190 “tl-t·
1116 1166 1122 1173 .

87 1221 162 1272 :nus
178 1196 429 1274 Antiochensis
449 1197 613 1274 Curator.
663 1196 736 1271 Hic
758 1219 841 1272 cum
865 1218 934 1271 nos

87 1308 141 1371 tea
157 1296 325 1375 omnibus
335 1296 455 1372 modis
471 1294 760 1397 impugnavidet,
777 1294 935 1372 'tandem

87 1395 259 1472 iulacrum
279 1395 378 1496 Jovis
395 1394 502 1471 Philii
519 1394 670 1489 magicis
687 1394 825 1471 artibus
849 1418 935 1469 con-

87 1510 209 1570 :ratum
227 1496 343 1571 erexit
358 1517 402 1570 ac
417 1518 500 1570 cum
515 1493 739 1568 detestandas
758 1493 934 1589 expiatio·

86 1594 337 1681 tinstituillet‚
379 1592 583 1691 compositis
607 1593 821 1689 quibusdam
852 1614 933 1668 ora·

86 1695 124 1768 :is
152 1693 199 1768 ad
226 1694 482 1789 Imperatorem
512 1691 767 1789 praestigiarum
782 1691 933 1768 ¹suarum

86 1792 209 1867 eeimen
227 1792 377 1881 detulit,
400 1792 558 1887 fingens,
581 1791 700 1868 Deum
718 1789 865 1889 jubere,
891 1802 933 1866 ut
1080 1834 1088 1855 ι

86 1891 221 1977 τίίὶὶαηί
253 1893 341 1975 urbe
366 1895 535 1993 omnique
555 1890 735 1968 territorio
757 1890 932 1993 pelleren-

86 2115 112 2164 ι.
147 2087 266 2179 „Haec
292 2111 376 2165 cum
406 2086 460 2163 illi
488 2112 535 2163 ex
559 2087 731 2164 sententia
753 2080 1095 2175 luccellrsnllrcrete

86 2203 129 2275 rt,
161 2187 288 2284 reliqui
313 2187 540 2282 Magistratus
565 2188 717 2264 aliarum
741 2186 930 2262 civitatum
949 2192 1057 2284 contro·

86 2311 129 2360 em
153 2288 343 2363 decernere
362 2286 608 2371 instituerunt,
634 2307 786 2381 quorum
808 2284 926 2358 dcere·
939 2267 1093 2359 Citam·

96 2387 316 2463 Maximinus
340 2410 423 2461 cuor
447 2385 534 2461 dato
558 2383 726 2482 rescripto
752 2381 930 2459 libentillr·
947 2372 1005 2500 ’Ἴ

85 2486 292 2567 >annuisset
309 2483 427 2561 rursus
441 2485 683 2559 recrudescere
698 2484 806 2581 caepit
819 2482 899 2578 peri
915 2523 931 2545 ·
970 2457 984 2501 ⁶
1001 2455 1076 2535 M-

85 2586 190 2659 tionis
208 2583 308 2659 furor
325 2608 479 2680 cumque
497 2583 650 2679 gentiles
672 2582 748 2658 alia
764 2583 929 2679 quaedam
948 2595 1118 2684 papam
1143 2606 1146 2617 ·

85 2683 128 2757 ud
154 2682 311 2759 Pilatum
346 2682 449 2780 super
473 2685 666 2760 Seruatore
690 2681 807 2760 nostro
836 2681 930 2778 gella
948 2685 1050 2749 Pilati·
1118 2730 1122 2737 .

85 2783 327 2878 rnposuillent,
376 2784 483 2883 plena
527 2783 724 2881 impietatis
765 2779 934 2856 adversus
969 2783 1076 2885 illd·

85 2883 231 2970 uilium,
256 2904 368 2978 eaque
393 2905 456 2980 per
475 2905 600 2958 omncs
617 2880 819 2979 provincias
845 2879 934 2976 pub·
986 2894 990 2899 ·
1027 2898 1031 2903 ’

85 3006 104 3083 e
142 2996 405 3078 proponerent,
456 2982 494 3059 ‹i'
524 2978 774 3079 ludimagistris
814 2979 937 3078 puerit

85 3081 319 3156 mmendanda
349 3082 552 3171 traderent,
593 3081 667 3155 dux
690 3079 835 3177 quidam
862 3077 933 3154 lla·

85 3179 142 3255 rici
171 3182 329 3276 impuras
352 3183 528 3279 quasdam
553 3178 784 3255 mulierculas
812 3191 938 3274 raptat

97 3279 240 3375 adegit,
268 3293 308 3355 ut
331 3280 472 3376 publice
491 3278 599 3354 editis
620 3277 716 3377 apud
739 3276 816 3352 aiio
838 3275 932 3353 testi·

85 3378 165 3453 >niis
183 3379 400 3465 faterentur,
423 3378 459 3453 sc
473 3377 560 3453 olim
578 3376 795 3453 Christianae
810 3376 936 3464 inille,

96 3476 335 3574 flagitiorum,
368 3500 450 3573 quae
474 3477 569 3572 apud
592 3475 811 3553 Christianos
832 3498 932 3570 gere·
1059 3522 1063 3536 ι

84 3594 158 3653 rtur
176 3581 332 3655 conicias
353 3577 439 3653 elle:
476 3576 616 3652 Harum
630 3576 820 3651 mulierum
838 3573 933 3650 telli-

84 3679 167 3762 >niis
187 3680 262 3763 alia
277 3678 410 3764 inserta
423 3675 697 3859 dui‘rmnfefflm
715 3675 762 3758 ad
775 3675 932 3774 Impera·

87 3818 94 3835 ²
331 3816 339 3827 '
524 3798 608 3878 ωδ
711 3818 715 3827 “
851 3786 934 3873 »(0·
