2422 4350
251 269 344 370 580
510 253 659 376 Euselii
688 253 923 376 Caesorirnfis

99 471 162 541 ορ.
174 467 225 539 15.
257 465 349 542 „pro
368 441 520 519 hostium
546 442 658 519 salute
680 453 767 519 vota
791 442 957 518 faciebat.
1008 443 1171 529 Quoniam

8 580 11 589 ·
186 596 189 603 ·
257 563 371 637 „vero
392 542 550 642 Licinius
581 542 688 641 paulo
717 544 802 616 ante
835 542 982 638 fugiens
1017 541 1173 621 simulans

257 641 480 735 „amicitiam
505 641 641 716 foedera
659 642 823 716 renovari
844 641 1040 739 poscebat,
1074 641 1176 740 lmpe·

258 752 382 832 „rator
404 763 527 839 paoem
551 740 605 817 illi
630 740 691 815 sub
709 741 817 816 certis
839 738 1113 821 conditionibus
1133 742 1177 817 iu·

258 838 433 934 „dulgere
465 863 536 913 non
564 838 779 915 recusavit:.
810 850 849 915 at
882 838 1052 915 Licinius
1083 838 1179 918 fidere

102 966 165 1036 ιη.
177 947 228 1017 16.
258 939 432 1034 „quidem
462 935 692 1035 jurejurando
724 938 933 1025 firmabats
958 937 1025 1011 fed
1056 937 1179 1017 mllum

257 1037 417 1129 ,infame
441 1036 702 1126 meditabatur,
733 1038 910 1127 militibus
941 1058 1041 1113 vero
1059 1059 1181 1134 praeoe·

256 1139 357 1233 ‚‚pit‚
384 1159 429 1210 ne
447 1136 616 1210 adversus
640 1136 755 1211 crucis
780 1135 917 1232 srgnum
939 1137 1126 1232 impetum
1140 1135 1182 1210 f·

256 1245 417 1327 „serent
468 1234 524 1308 llc
557 1236 729 1334 principio
762 1237 908 1334 quidem
932 1234 1183 1313 Constantinus

250 1333 473 1424 „sustinebat
502 1357 652 1429 parcens
681 1333 797 1423 ferro,
829 1358 875 1409 ne
905 1334 1101 1409 videretur
1130 1357 1182 1432 pu·

258 1456 394 1528 „gnam
424 1432 535 1510 iniille
567 1434 613 1507 ob
643 1433 820 1510 foederum
849 1432 1095 1526 religionem:
1134 1433 1181 1511 fol

99 1560 165 1629 rap.
174 1558 227 1627 17.
257 1531 468 1628 „postquam
486 1531 603 1606 hostes
617 1529 694 1629 jam
717 1533 857 1628 gladios
876 1532 1097 1628 distringere
1119 1530 1182 1609 aui·

257 1632 499 1722 „madvertit‚
525 1632 770 1726 indignatione
794 1645 1005 1707 commotus
1024 1630 1104 1705 solo
1122 1627 1211 1803 olan

257 1752 385 1819 „more
405 1753 448 1803 ac
465 1731 616 1806 minimo
637 1732 807 1828 temporis
829 1742 1025 1813 momento
1042 1729 1174 1812 bolliam

258 1830 467 1925 „copiasin
493 1830 616 1925 fugam
642 1833 769 1914 vertit,
803 1829 840 1906 dt
863 1830 909 1905 de
931 1830 981 1905 iis
1009 1797 1211 1911 vittorimf

72 1983 84 1997 ..
100 1962 165 2034 φρ,
174 1954 225 2021 18,
257 1929 488 2023 ‚repostam
535 1929 616 2004 eoo
641 1930 721 2005 haec
744 1927 856 2026 ipsum
877 1929 948 2003 oei
970 1927 1113 2003 hostem
1130 1911 1211 2100 1222

256 2026 420 2118 „ciuium
437 2025 586 2124 ejusque
603 2027 798 2103 familiares
816 2027 901 2103 belli
912 2026 999 2127 jure
1017 2025 1168 2126 dijudica·
1197 2078 1204 2105 .

256 2137 343 2220 „tos
366 2147 526 2229 congruo
551 2127 723 2225 supplicio
748 2124 878 2205 affecit.
1185 2108 1211 2404 Ξ

5 2370 9 2381 1
97 2353 161 2420 top.
173 2350 224 2419 19.
328 2348 364 2421 4.
391 2320 542 2413 „impiis
565 2323 675 2417 igitur
697 2307 854 2399 &medio
877 2321 1034 2401 sublatis
1057 2322 1167 2403 cuum

37 2427 42 2441 '
95 2484 98 2489 .
255 2420 421 2520 „imperii
438 2421 594 2498 Romani
615 2434 735 2520 partes
754 2425 798 2498 in'
810 2446 925 2500 unum
947 2445 1086 2519 corpus
1105 2407 1211 2592 coa-5

59 2520 62 2527 “
96 2553 161 2620 cap.
170 2554 222 2600 20.
254 2521 436 2611 „luerunt
507 2522 609 2598 Tunc
642 2524 751 2601 etiam
783 2523 878 2618 apud
904 2547 974 2597 nos
1012 2521 1198 2618 propofitar

28 2708 31 2713 Ι
73 2619 171 2704 Leges
251 2620 362 2712 „funt
386 2623 615 2717 imperatoris
645 2621 759 2696 editta
783 2622 888 2719 plena
921 2601 1211 2711 humandum!

10 2794 13 2799 ,
77 2703 221 2821 stolati·
255 2722 412 2814 „quibus
441 2722 486 2793 oia
517 2719 624 2794 iidem
652 2721 801 2816 relegati
829 2721 981 2796 domum
1012 2708 1211 2811 resumo!

68 2787 226 2957 ffimcszs
255 2832 359 2910 „turz
392 2820 500 2893 curiis
517 2818 554 2893 dt
570 2820 729 2893 metallis
748 2818 897 2921 addidi,
924 2820 1035 2895 bonis
1049 2819 1169 2916 spoliati
1190 2807 1211 2892 Ι

226 2915 235 2934 '
254 2917 430 3006 „restituti
458 2918 553 2991 lunt:
586 2915 711 2992 offitiis
733 2917 803 2994 suis
826 2918 976 3012 privati,
1004 2918 1044 2995 dt
1059 2913 1211 3015 gyuaee!

24 3022 31 3039 ¹
75 3021 137 3085 Pro
154 3039 239 3085 mor·
254 3016 347 3109 „ciis
370 3017 563 3112 mancipati
596 3016 762 3090 libertate
792 3017 917 3091 donati
943 3015 1040 3097 funt.
1075 3030 1171 3095 -ltem

74 3105 191 3188 tyr-itus
254 3113 477 3204 „ianitorum
503 3132 702 3211 martyrum
730 3117 824 3191 bona
845 3117 892 3190 ad
909 3116 1102 3212 proximos
1120 3140 1172 3191 eo·

96 3206 160 3272 ΜΡ·
170 3207 221 3253 21·
253 3235 360 3311 „rum
386 3213 531 3290 devolvi
554 3215 750 3309 Imperator
771 3212 886 3309 justit.
923 3214 983 3289 uel
1009 3215 1036 3291 fi
1062 3215 1171 3291 nullos

167 3342 172 3349 ·
253 3310 486 3407 „conjunttos
526 3311 720 3402 haberent,
762 3313 1015 3391 haereditatem
1053 3337 1170 3391 eorum
1201 3313 1211 3405 l

252 3411 446 3500 „Ecclefris
463 3409 616 3494 deferri,
640 3413 732 3487 bona
750 3433 836 3486 vero
859 3435 906 3485 ex
921 3410 1008 3486 fisco
1024 3414 1075 3488 ad
1090 3413 1171 3489 alim

252 3510 454 3597 „translata
483 3510 543 3584 vel
571 3508 654 3584 fisco
685 3509 824 3584 additia
850 3512 1010 3587 dominis
1046 3510 1168 3589 restitui

95 3646 221 3718 mm,
251 3609 420 3700 „debere
466 3606 714 3704 Populis'vero
732 3633 755 3683 a
774 3609 846 3684 fide
864 3607 982 3685 uollra
998 3606 1166 3705 alienisdt
1182 3609 1211 3706 a

249 3706 449 3802 „univerlis
472 3708 670 3786 Provinciis
695 3708 813 3788 multo
834 3709 938 3808 plura
966 3733 1013 3789 ac
1040 3706 1159 3807 majora
1180 3773 1188 3804 „r

1085 3807 1156 3907 „do-
