2422 4350
79 254 83 269 “
201 170 534 387 ffifloriaeliccles
568 212 686 333 blo
701 246 748 336 V.
805 340 810 357 ,
855 268 937 357 511
1104 128 1159 191 ,Ι

73 441 120 507 »to
141 440 328 529 tamqnam
347 429 539 528 Prophetis
562 431 599 505 in
615 430 776 528 Phrygia
800 433 941 529 opinio·

105 531 296 627 homiuum
322 529 513 605 celebratis
540 529 699 605 dissenfio
730 545 810 607 orta
834 532 938 621 esset,

73 628 98 703 zi·
115 632 153 704 in
178 630 300 705 Gallia
325 643 435 704 erant·
449 629 579 704 fratres
604 632 785 725 privatum
810 631 856 706 de
880 632 940 707 his

73 730 203 822 licium
228 728 328 805 suum
351 729 556 826 religiosum
581 726 618 803 dt
639 752 721 804 curn
747 729 840 807 reda
865 730 938 807 fide

74 830 254 904 nsentiens
292 829 411 902 eidem
461 830 619 925 epistolae
658 826 937 923 subjunxerunt,

74 928 179 1002 olatio
199 928 466 1003 intersesrorum
482 928 579 1025 apud
596 927 630 1001 se
647 927 851 1025 Martyrum
872 952 936 1005 va·
979 972 984 985 =

74 1051 89 1099 s
113 1026 289 1122 epistolis,
325 1050 415 1123 quas
439 1028 492 1101 illi
521 1030 609 1101 dum
634 1028 672 1101 in
691 1029 845 1103 vinculis
870 1028 936 1104 ad·
1067 1058 1116 1067 ·

74 1151 100 1199 ‚c
114 1127 223 1201 essent
244 1128 374 1224 partim
397 1127 444 1201 ad
463 1127 595 1201 fratres
612 1127 651 1201 in
667 1125 752 1202 Asra
766 1127 804 1202 dr
818 1128 937 1224 Phry·
1092 1126 1096 1135 '
1165 1188 1168 1195 .

74 1227 299 1320 rdegentes,
321 1227 453 1324 partim
480 1224 527 1299 ad
545 1224 784 1301 Eleutherum
801 1228 941 1303 Roma·
1057 1290 1065 1319 „
1163 1246 1166 1255 '

76 1349 111 1399 rn
140 1325 354 1423 Episcopum
385 1325 611 1422 scripserant,
656 1347 720 1421 pro
754 1334 842 1425 pac'e
865 1326 937 1401 Eo·
1051 1324 1087 1353 ”
1166 1408 1172 1419 ,

75 1426 212 1498 :irarum
232 1425 329 1520 quast
346 1425 528 1519 legatione
549 1424 754 1520 fungentes.
807 1426 936 1503 Sed&
1096 1516 1101 1523 ,

77 1549 135 1597 ern
153 1526 337 1621 Martyres
349 1526 548 1610 irenaeum,
571 1526 634 1622 qui
657 1536 744 1600 tunc
761 1526 936 1622 temporis
969 1542 1078 1611 cam·

75 1624 144 1698 huc
186 1623 434 1720 Lugdunensis
480 1625 675 1721 Presbyter
720 1636 799 1699 erat
840 1625 935 1701 disto

75 1723 224 1797 euthero
248 1744 311 1821 per
333 1723 476 1798 litteras
503 1722 826 1813 commendarunt,
849 1748 935 1805 eum
1037 1744 1040 1751 “

75 1821 227 1898 limonio
247 1823 309 1901 suo
329 1846 404 1899 non
424 1822 655 1899 mediocriter
679 1838 861 1900 ornantes.

76 2041 104 2094 a.
133 2017 283 2116 „Atque
307 2017 388 2098 haec
413 2017 515 2104 sunt,
540 2040 624 2133 qnae
639 2013 817 2095 Antonini
836 2015 932 2133 prin·
948 2022 1110 2127 clessam·
1165 2064 1171 2085 .

76 2130 146 2192 utu
177 2122 417 2215 contigerunt.
492 2118 627 2217 Hujus·
644 2141 750 2217 porro
782 2116 932 2191 fratrem
947 2110 1057 2176 ’ΝΜ

76 2238 187 2292 rcum
211 2216 403 2294 Aurelium
429 2217 608 2295 Caesarem
642 2242 726 2295 cum
761 2213 931 2292 adversus
943 2195 1081 2294 ptumam

77 2338 228 2391 rmanos
258 2316 297 2394 dt
329 2320 517 2394 Sarmatas
555 2331 781 2415 pugnaturus
814 2316 932 2389 aciem
946 2290 1111 2429 ''xm'‘

76 2416 231 2504 trueret,
265 2416 304 2493 dc
329 2422 511 2493 exercitus
535 2416 642 2513 ipfius
668 2416 723 2491 srti
751 2435 931 2513 premere·
999 2385 1031 2449 p.
1043 2382 1099 2515 5(

87 2568 99 2604 ,
125 2538 218 2612 pene
242 2515 290 2591 ad
314 2518 473 2614 inopiam
497 2515 632 2593 consilii
653 2517 836 2591 redastum
862 2512 931 2589 elle

77 2627 235 2690 morant.
286 2615 389 2693 Tunc
410 2640 496 2691 vero
521 2616 658 2690 milites
681 2614 835 2710 le'gionis
852 2612 931 2687 Nle·

77 2735 136 2788 nae
169 2712 360 2792 Christiani
402 2715 507 2789 flexis
538 2717 577 2790 in
609 2729 744 2790 terram
777 2714 931 2809 genibus

77 2835 146 2887 eces
176 2812 224 2888 ad
253 2813 372 2889 Deum
403 2813 528 2890 fudisse
561 2814 815 2911 perhibentur:
856 2832 931 2911 quo

77 2915 112 2987 lo
144 2912 337 2989 fulminum
361 2912 457 3011 jailu
487 2913 641 2989 hostium
663 2915 779 3011 copiae
811 2913 850 2988 in
873 2908 930 2986 fu·

77 3036 103 3087 n
130 3012 241 3090 versae
261 3011 299 3087 dt
315 3013 484 3089 extinsiae
504 3014 606 3102 sunt,
627 3008 729 3088 illinc
751 3034 837 3086 vero
863 3012 932 3087 im·

78 3135 138 3189 um
162 3114 219 3198 vi,
254 3113 435 3187 exercitus
457 3113 577 3187 Deum
610 3113 834 3210 precantium
852 3108 931 3207 jam

94 3211 276 3309 periturus
292 3226 423 3309 praeter
438 3212 534 3308 spem
548 3222 732 3288 recreatus
748 3210 808 3286 est.
860 3210 931 3285 slt-

78 3334 164 3393 eea
188 3334 245 3389 res
268 3326 348 3386 turn
372 3336 394 3386 a
421 3310 649 3409 scriptoribus
672 3335 696 3386 a
717 3310 789 3386 fide
813 3309 931 3384 nostra

78 3410 166 3496 mis,
187 3424 265 3487 tum
283 3435 305 3485 a
320 3411 448 3486 nostris
463 3411 633 3487 refertur:
661 3410 721 3486 sed
738 3408 931 3505 gentilium

78 3523 205 3607 ptores
229 3511 266 3585 id
287 3509 487 3587 nostromm
511 3511 677 3610 precibus
702 3510 836 3589 sadum
861 3507 929 3582 elie
1070 3572 1073 3577 ,

78 3625 171 3702 gant:
195 3610 303 3686 nostri
325 3633 411 3686 vero
426 3612 583 3708 ingenue
603 3631 682 3685 rem
701 3608 834 3685 litteris
854 3620 929 3682 tra·

79 3723 198 3787 erunt.
259 3710 317 3786 Ex
341 3711 402 3787 his
427 3710 476 3788 est
499 3707 744 3810 Apollinaris,
786 3708 864 3887 qu}t
872 3706 929 3782 di·

804 3859 831 3901 >a
865 3828 926 3885 ω
