2446 4350
1079 114 1082 123 ι

1159 189 1166 196 .

90 304 94 311 -
225 258 322 351 aaa
495 249 648 372 aufem
683 192 920 372 mannas

241 457 466 536 „omnesque
490 436 564 515 suaa
587 457 685 514 curae
714 436 918 515 commissos
943 435 996 514 ad
1016 435 1099 514 veri
1113 430 1174 513 Dei

242 538 513 636 ,cognitionem
535 549 660 625 vocat,
691 537 785 613 adeo
807 550 851 613 ut
871 539 909 614 in
929 537 1062 614 medio
1082 535 1173 635 pain·

190 651 194 657 '
242 639 322 732 „tio
336 636 446 734 regiis
461 635 609 733 hymnis
623 634 663 713 δι
680 635 849 713 laudibus
864 635 1016 713 ministri
1037 634 1112 712 Dei
1130 636 1174 711 sa·

242 734 360 833 „stum
376 736 473 811 diem
486 734 688 824 celebrent,
711 734 750 813 tir
766 733 938 825 orientis,
962 736 1173 825 occidentia,
1212 744 1215 833 ᾖ

240 833 520 934 „septentrionis
535 831 572 912 δι
587 833 750 912 meridiei
765 834 897 911 incolae
912 856 1034 912 unum
1049 834 1174 922 Deum,
1212 836 1215 867 ¹

242 935 332 1032 „qui
348 932 398 1009 est
415 932 656 1032 superomnia
676 934 906 1025 collaudent,
931 956 1054 1011 unum
1077 955 1174 1021 vcro,
1213 984 1215 1077 p

241 1032 507 1131 „Unigenitum
529 1030 662 1110 scilicet
679 1032 762 1133 ejus
785 1032 916 1111 Filium
941 1033 1171 1128 Servatorem
1213 1082 1215 1099 .

241 1131 307 1227 „&
334 1132 496 1209 omnium
525 1133 702 1210 bonorum
741 1132 924 1209 austorem
957 1131 1173 1226 agnoscant,
1213 1132 1215 1217 Ι

240 1255 381 1326 „unum
395 1253 539 1329 quoque
555 1232 652 1307 orbis
665 1243 843 1308 terrarum
863 1232 1109 1309 comestorem
1128 1242 1175 1306 at·
1213 1244 1215 1273 ¹

242 1353 341 1429 „que
357 1330 614 1429 Imperatorem
628 1329 667 1411 ἀ
679 1330 760 1408 Deo
783 1330 961 1411 amabiles
983 1329 1071 1432 ejus
1095 1329 1174 1408 libs·
1212 1339 1215 1359 ¹

243 1451 332 1525 „roa
352 1430 484 1509 norint.
1203 1454 1215 1491 r

61 1637 206 1725 Vatum]
311 1655 379 1733 fro.
416 1626 525 1725 „Age
545 1651 642 1704 nunc
668 1626 781 1705 visior
800 1616 963 1704 maxime
979 1627 1177 1706 Constanti·

59 1728 164 1827 mnia
248 1750 341 1820 „ne‚
368 1728 434 1804 tibi
450 1751 546 1803 nunc
560 1749 774 1804 arcanorum
792 1728 998 1805 sermonum
1017 1727 1178 1828 mysteria

61 1818 176 1877 ‘'m’'
204 1890 212 1905 „
247 1828 483 1919 ,„tradamus,
505 1850 577 1901 non
597 1838 724 1923 quote
740 1827 960 1915 doceamus,
984 1827 1051 1903 sed
1067 1845 1108 1905 ut
1126 1851 1178 1903 ru·
1212 1874 1215 1887 ι

55 1953 61 1965 ’
82 1912 146 1981 W·
158 1914 209 1963 ¹¹·
246 1928 338 2019 „des
353 1927 520 2025 homines
544 1926 776 2002 adventatis
796 1925 964 2001 notitiam
981 1927 1177 2025 padum,

248 2040 494 2123 „tuommque
514 2025 572 2124 pie
589 2023 763 2102 fastorum
787 2024 910 2100 causas
930 2025 1179 2120 ignorantibus
1213 2040 1215 2053 '

248 2124 527 2227 „suggeramus‚
551 2146 686 2222 eosque
699 2123 917 2210 doceamus,
939 2144 1060 2221 quare
1074 2125 1180 2201 Filius

248 2225 345 2317 „Dei
363 2224 440 2299 sero
463 2224 610 2300 tandem
633 2225 679 2299 de
700 2223 862 2298 coeload
884 2247 953 2297 nos
976 2224 1179 2311 descendit,

178 2332 181 2337 “
248 2345 386 2422 „quare
412 2323 609 2398 humanam
635 2324 754 2398 induit
777 2338 964 2409 naturam,
1000 2346 1117 2420 quare
1139 2321 1180 2398 ad
1213 2376 1215 2403 ἰ

249 2436 432 2516 „mortem
450 2421 609 2509 accessit,
636 2421 709 2499 &a
728 2435 844 2497 morte
869 2422 915 2496 ad
937 2422 1180 2499 immortalem
1212 2422 1215 2517 i

251 2524 391 2614 „vitam
404 2521 606 2597 resurrexit.
660 2520 992 2617 Igitursermonem
1020 2524 1180 2598 exordiae
1212 2522 1215 2569 ¹

175 2628 177 2633 ’
252 2646 376 2713 „mun
405 2624 475 2708 Qui
491 2621 629 2696 cultum
648 2618 809 2695 omniu'm
827 2621 1030 2697 conditoris
1047 2622 1118 2697 Dei
1139 2619 1181 2697 ad

253 2743 337 2812 „res
361 2734 501 2795 creatas
525 2720 795 2796 transtulerunt:
836 2719 999 2814 deosque
1026 2721 1179 2820 appella·
1211 2796 1215 2837 1

251 2832 362 2913 „runt
387 2845 451 2909 ea,
486 2842 568 2916 quae
594 2842 790 2916 numquam
826 2818 988 2906 fuissent,
1036 2820 1104 2897 nisr
1122 2820 1180 2896 Det

206 2945 212 2953 ·
251 2918 460 3012 „sermonip
479 2921 540 3016 qui
561 2918 810 3015 hujusmundi
829 2916 948 3014 opifex
962 2917 1038 3009 est,
1064 2915 1180 2995 astitis·

251 3019 377 3111 „sent‚
402 3020 429 3093 ii
445 3041 572 3116 parum
592 3019 682 3092 mihi
698 3015 841 3093 differre
856 3016 1028 3093 videntur
1043 3014 1180 3110 ab'his,

104 3192 106 3199 ,
253 3118 342 3214 „qui
365 3119 580 3192 eximiorum
602 3140 750 3213 operum
774 3115 1010 3192 architectum
1026 3118 1179 3215 praemit·

253 3230 399 3307 „tentes
417 3219 569 3312 parietes
589 3231 732 3291 tantum
758 3215 982 3309 summopere
1004 3218 1179 3294 admiran-

253 3331 349 3407 „tur
401 3315 522 3412 Hujus
543 3338 649 3412 porro
666 3316 836 3390 sermonis
855 3312 1042 3411 perspicua
1059 3315 1112 3394 est
1125 3317 1180 3392 dc·
1212 3369 1215 3405 ‚

253 3412 499 3506 „monstratio
547 3415 707 3489 Etenim
724 3411 750 3487 sr
765 3413 849 3510 ipsae
867 3434 929 3510 per
946 3412 1179 3507 sexsubsrstunt
1209 3465 1215 3506 ,

251 3514 405 3604 ..mundi
436 3513 620 3611 partes&
648 3511 848 3601 elementa,
891 3531 975 3607 quae
1011 3528 1177 3592 naman
1207 3565 1215 3605 κ

251 3614 415 3703 „habent
434 3613 587 3688 rationis
610 3623 814 3708 expertem,
838 3609 918 3686 &st
942 3634 1021 3690 una
1040 3615 1175 3691 eaden
1206 3663 1215 3702 ῃ

250 3732 348 3814 „que
370 3711 421 3790 eit
444 3712 803 3815 omniummatcria,
835 3709 933 3791 unde
955 3708 1172 3828 ornatumai
1209 3718 1215 3800 μ

1097 3831 1169 3910 'nm'
