2422 4350
292 187 471 307 Historia
486 170 625 309 Ecclefi
654 166 769 280 Liber
782 194 840 285 Χ.
957 203 1040 313 561
1168 272 1172 281 ,

102 372 299 466 „Clericus
324 396 453 453 vocare
484 375 763 468 consueverunt,
801 379 848 456 ab
870 383 1068 473 omnibus,
1116 474 1119 479 ,

94 476 285 565 „omnino
306 468 721 570 publicis-functionibus
746 480 926 555 immunes
950 506 1037 558 con·
1108 500 1111 505 '

93 571 266 664 .‚,servari
279 570 402 668 jubet,
434 597 480 648 ne
500 596 619 648 errore
644 577 766 673 aliquo
790 591 855 653 nut
878 578 958 654 casu
983 582 1037 657 sa·

97 671 269 767 „ctilego
294 672 432 747 acultu
451 671 598 749 summae
615 671 806 753 Diviniteti
829 678 951 753 debito
970 680 1036 755 ab·
1179 734 1182 741 -

99 768 360 861 ‚‚strahantur,
386 770 445 844 sed
464 785 505 846 ut
525 774 645 869 potius
659 774 795 873 absque
808 774 885 851 ulla
898 776 1038 873 inquie-

94 870 263 961 ·‚,tudine
288 872 440 968 propriae
465 869 537 967 legi
562 871 783 951 deserviant:
823 876 953 973 quippe
977 876 1036 953 his

101 967 312 1059 ‚summam
334 970 601 1047 venerationem
619 970 750 1048 Divino
767 971 915 1049 Numini
932 975 1035 1051 exhi-

103 1066 303 1159 „bentibus
336 1071 493 1143 maxime
527 1066 610 1145 inde
644 1071 931 1150 emolumentum
964 1073 1035 1151 tei·

101 1166 292 1271 „publicae
313 1167 455 1244 videtur
479 1169 660 1247 accedere.
1091 1168 1104 1199 ”

183 1388 237 1462 4.-.
255 1361 337 1452 „Ac
360 1384 428 1457 resp
439 1365 583 1461 quidem
605 1365 732 1442 nostrae
754 1364 792 1441 in
809 1366 880 1441 hoc
902 1366 1149 1452 inriti-nano

95 1484 198 1555 .·„mo
225 1461 316 1538 iiotu
343 1478 467 1553 erant,
500 1466 560 1540 sed
591 1468 735 1542 virtutis
765 1465 933 1542 inimicus
963 1468 1114 1542 hocwar
1160 1473 1168 1489 '

98 1560 373 1658 „speiinculum
395 1562 457 1638 diu
474 1562 566 1637 ferre
588 1588 661 1639 non
675 1564 812 1662 potuit,
824 1590 922 1640 narn
938 1566 1032 1641 Lici·
1043 1563 1091 1617 ’θ’

89 1661 220 1759 *nnius
242 1663 456 1735 abonorum
480 1663 626 1757 quidem
641 1663 842 1739 imitatione
864 1659 1127 1753 descivit,'”⁰'⁸

103 1760 328 1854 „impiorum
361 1782 446 1835 vero
478 1774 714 1858 tyrannorum
749 1784 879 1859 pravos
912 1785 1034 1839 mores
1064 1732 1176 1807 ’Μ’

96 1857 330 1957 ‘immolatus
359 1857 429 1946 est,
466 1861 600 1935 etenim
624 1861 770 1936 invidiae
798 1861 946 1937 ffimulis
969 1864 1036 1937 ad·

101 1956 259 2049 ‚uerus
275 1956 545 2036 Constantinum
563 1960 654 2034 bene
672 1960 717 2036 de
738 1959 771 2032 ie
791 1962 960 2035 meritum
979 1962 1036 2037 in·

105 2056 272 2147 „citatus
292 2056 468 2133 nefarium
489 2057 543 2134 illi
563 2057 698 2136 bellum
716 2056 858 2143 intulit,
882 2083 956 2135 non
971 2082 1036 2135 na·
1159 2080 1170 2093 ‘

107 2166 231 2247 „turae
254 2154 427 2232 reveritus
445 2155 546 2255 jura,
571 2181 644 2232 non
669 2156 864 2249 foederum,
891 2182 964 2231 non
977 2158 1036 2254 jn·

109 2252 349 2349 ,pisjurnndh
374 2278 440 2329 nec
462 2256 779 2350 consanguinitatis
804 2276 965 2331 memor:
991 2281 1036 2332 ac
1094 2322 1099 2333 .

110 2353 312 2450 „principio
329 2356 472 2447 quidem
487 2354 629 2428 infidias
645 2369 767 2448 tegere
783 2354 926 2430 studens
944 2357 1037 2432 ami-

111 2474 222 2543 „cum
257 2449 291 2524 se
318 2452 384 2525 erse
413 2452 623 2543 iimulabat‚
658 2454 695 2527 δι
719 2453 813 2527 dolis
837 2454 1038 2531 Constanti·

111 2573 228 2643 „uum
250 2548 377 2645 saepius
401 2554 604 2646 appetebat.
654 2553 728 2626 Sed
749 2553 846 2626 enim'
865 2552 1037 2628 Constan-

112 2650 216 2743 „tino
233 2649 350 2723 custos
372 2666 449 2724 erat
468 2651 587 2737 Deru,
618 2652 679 2746 qui
697 2650 839 2726 infidias
857 2650 919 2745 ipir
934 2675 1038 2725 com·

111 2762 282 2849 „paratas
304 2750 342 2823 in
360 2748 477 2824 iucem
495 2749 678 2847 proferens
695 2750 914 2827 confutabat.
965 2750 981 2825 1
1008 2750 1038 2811 '-

110 2864 198 2941 „tur
221 2848 381 2923 Licinius
415 2872 497 2923 cum
522 2848 683 2924 occultas
713 2849 854 2924 infidias
883 2874 954 2924 non
988 2848 1039 2927 rbi

111 2970 187 3041 „ex
210 2960 297 3021 uoto
318 2947 445 3023 cedere
469 2948 635 3036 uidebat,
662 2948 796 3023 bellum
816 2948 935 3045 palam
960 2972 1042 3023 ruo·

110 3059 214 3139 „net
263 3046 373 3121 Porro
396 3070 478 3123 cum
498 3047 730 3122 Constantino
752 3047 887 3122 bellum
909 3046 1041 3123 inferre

87 3164 89 3171 ·
110 3144 329 3239 ‚‚stntuiffet‚
350 3145 454 3221 srmul
472 3146 580 3221 etiam
597 3145 765 3222 adversus
779 3147 917 3235 Deum,
933 3166 1041 3241 quem

110 3268 166 3339 „a
179 3243 413 3320 Constantino
442 3245 513 3321 coli
536 3260 775 3340 cognoverat.
791 3240 961 3339 'praeliari
985 3246 1043 3320 in-

109 3342 266 3437 „stituit
317 3343 456 3418 Dehinc
475 3344 634 3419 cultores
650 3343 770 3421 Diuini
787 3343 955 3421 Numinis
978 3342 1042 3419 iub
1095 3348 1099 3365 '

110 3442 282 3535 „ditione
314 3441 375 3517 sua
402 3443 574 3535 degentes
607 3446 716 3516 tacite
750 3464 955 3539 oppugnare
979 3464 1048 3538 ag«

111 3539 278 3636 „greiius
304 3540 364 3615 est.
428 3541 476 3615 Et
506 3543 622 3637 primo
656 3540 801 3636 quidem
825 3540 1044 3619 Christianos

111 3661 272 3735 „omnes
295 3638 405 3717 domo
423 3639 484 3714 sua
499 3640 668 3733 expellit:
693 3638 775 3716 Post
796 3638 877 3714 haec
897 3640 1045 3720 contus

156 3744 439 3835 &pannonum
452 3748 630 3816 rameru.
757 3728 862 3814 'Nn
977 3740 1044 3832 „in
