2446 4350
10 244 16 311 J
138 164 161 223 .·
180 170 319 283 eontra
346 134 592 329 'Marcellum
620 146 814 337 Liberis]
881 222 963 323 157
1163 220 1170 257 ⁴

33 376 131 475 „jam
156 379 276 475 quivis
299 380 333 465 oi
347 396 517 477 aggerat:
553 384 728 472 Quorsum
748 404 834 481 ergo
852 384 888 461 in
910 409 967 461 re·

10 534 13 551 .
33 480 140 569 ,ima⁹
153 503 246 577 quas
262 504 337 554 non
352 480 516 571 didicisti,
529 494 567 557 te
583 505 646 580 per
663 486 859 585 praecipitia
872 487 966 581 agis,
1121 510 1124 517 ·

10 574 149 683 {‚,dum
174 580 214 655 in
238 578 376 676 scriptis
397 580 479 655 ilias
501 582 658 671 decidis,
693 586 892 659 novitatem
913 584 964 660 se·

10 677 205 773 t‚,queris‚
230 680 327 754 vdum
363 701 516 774 regnum
541 680 671 757 Christi
706 685 984 760 circumscribis-

10 774 21 861 ἱ,-
35 779 201 867 „novitio
217 780 381 874 quodam
394 781 568 877 principio
585 780 624 857 δι
647 783 850 878 temporali,
867 784 966 881 quod
1089 782 1091 786 ’
1195 810 1198 817 ·

10 874 12 881 '
36 874 133 967 ,sine
155 900 308 975 quoque.
320 881 587 956 terminandum
612 880 679 955 esse
705 883 825 958 doces.
888 880 966 959 Ab·

36 998 175 1072 „negm
192 999 285 1051 xvere
307 978 542 1075 Unigenitum
569 980 656 1067 Dei,
683 980 860 1057 substituis
875 982 966 1058 Ver-

34 1076 146 1165 „lium
163 1070 478 1154 insubstantiale&
492 1077 726 1168 insubsistens,
742 1084 839 1178 quod
853 1082 968 1179 ipsum
1179 1174 1182 1183 Ι
1199 1150 1202 1155 .

35 1176 152 1265 „nihil
173 1176 275 1252 aliud
301 1179 514 1274 pronuntias
535 1178 622 1266 esse,
650 1201 758 1277 quam
781 1205 893 1259 unum
908 1196 965 1256 at·
985 1183 1002 1221 ²
1036 1216 1041 1229 ·-
1164 1212 1167 1217 ·

36 1274 322 1389 ,iqueipletnmet
344 1300 427 1352 cum
447 1279 538 1367 Deo,
563 1301 647 1374 quae
672 1281 835 1377 quisquis
861 1281 964 1355 dixe·
992 1300 995 1305 ·

34 1378 115 1465 „rit
142 1399 218 1450 non
234 1376 364 1468 iniuria
388 1377 539 1467 dicetur,
566 1379 698 1454 Filium
716 1379 784 1454 Dei
806 1381 962 1475 abnega-

34 1496 120 1563 „re‚
143 1500 219 1567 non
242 1474 293 1551 est
323 1476 420 1551 enim
446 1476 560 1553 Filius
579 1478 754 1564 Verbum¹
776 1460 967 1575 question
1067 1566 1070 1575 Ι

34 1572 226 1665 „faustum
257 1596 339 1650 curu
367 1598 435 1650 nec
458 1577 616 1653 Verbum
641 1576 800 1652 hominis
824 1578 966 1653 dicatur

33 1672 156 1763 „tilius
177 1672 348 1750 hominis.
416 1674 499 1751 Hoc
522 1676 636 1773 ipsum
654 1675 813 1753 Verbum
834 1679 879 1750 de
896 1677 964 1752 Pa·
1087 1684 1091 1689 “

34 1788 113 1865 „tre
139 1772 205 1848 suo
227 1773 399 1868 egressum
427 1774 561 1851 Filium
587 1775 657 1850 Dei
678 1774 811 1852 fastum
837 1796 965 1851 narras

33 1894 117 1973 „par
142 1874 265 1949 carnis
286 1872 555 1960 assumtionem,
590 1874 629 1951 ἃ
649 1873 766 1972 Jesum
784 1874 992 1965 Christum„
1041 1936 1044 1941 Δ
1150 1893 1177 1923 ff

33 1972 300 2067 „nominatum
318 1972 513 2067 imaginem
533 1974 602 2048 Dei
616 1973 821 2060 invisibilis,
837 1973 875 2049 ὅ(
892 1976 980 2072 pri·-

32 2072 286 2169 „mogenitum
306 2075 425 2148 omnia
449 2086 645 2160 creaturae,
668 2095 790 2169 regem
817 2096 963 2170 quoquo
1119 2102 1121 2107 ¹

33 2170 315 2263 ..constitutumz
341 2192 423 2268 quae
441 2174 565 2249 omnia
586 2160 610 2248 a'
630 2186 792 2270 tempore
808 2173 873 2248 iilo
896 2174 959 2246 de·

29 2269 198 2368 mgnum
221 2270 356 2368 incepit
372 2270 434 2345 ilie
455 2270 535 2355 effe,
560 2270 598 2347 δι
618 2293 700 2368 quae
717 2273 838 2346 omnia
856 2270 982 2345 fimus.

33 2369 283 2468 ,asepositurua
304 2368 353 2445 est
374 2368 449 2467 post
462 2368 587 2469 judicii
603 2370 959 2446 consummationem.

36 2469 152 2561 „Haec
176 2482 302 2546 autem
331 2469 477 2546 ubinam
503 2469 681 2546 didicisti?
721 2472 808 2566 quis·
831 2471 983 2544 horum.

34 2570 119 2661 „tibi
138 2568 356 2645 informator
371 2566 522 2644 extitit?
547 2567 743 2666 Episcopus
760 2567 866 2665 quis?
892 2569 964 2664 Sy·

34 2669 145 2759 ¹„nodi
167 2666 279 2767 quae?
305 2667 403 2765 quod
418 2667 585 2764 scriptum
610 2669 654 2744 ab
675 2670 822 2744 homine
837 2668 983 2767 Eccle-

35 2765 229 2870 ‚snffiqo‘s
263 2768 403 2864 Corpus
429 2767 519 2842 iilud
536 2769 740 2843 Servatoris
757 2767 966 2843 immortale

34 2882 129 2967 „quo
144 2865 319 2943 secedet?
343 2888 429 2941 nam
449 2889 531 2942 cum
553 2867 772 2955 concesseris,
790 2865 880 2940 iliud
897 2867 981 2941 esse·

35 2965 274 3057 ,immortalm
293 2963 332 3042 &
347 2965 510 3040 divinum
529 2967 734 3063 appellaris,
752 2965 886 3039 necesse
902 2965 965 3054 est,

35 3062 236 3164 „supponas
273 3064 542 3161 incorruptibile
578 3065 616 3141 δι
652 3065 965 3140 indiffoivendum.

38 3163 596 3351 iiiiiess¹⁰asssiisoiisus¹⁸
615 3163 965 3339 “iesisisisiiff

41 3362 170 3453 „rb-eo
190 3360 304 3448 tollis,
329 3360 368 3436 dr
393 3384 478 3436 cum
493 3361 572 3436 Deo
589 3362 788 3458 conjungis.
828 3362 965 3435 Eratne
1039 3418 1042 3423 »

36 3484 145 3559 ,ergo
168 3472 274 3536 extra
296 3460 415 3534 Deum
442 3459 529 3535 dum
553 3483 659 3535 carne
682 3459 964 3546 conversaretur,

39 3563 166 3647 „min
182 3560 264 3634 Deo
288 3558 471 3635 subsistens
496 3559 710 3655 sempiterno
741 3572 964 3633 coaeternum

39 3658 241 3757 mittens,
284 3682 397 3736 unum
428 3672 537 3756 atque
566 3659 663 3737 idem
697 3658 838 3759 prorsus
846 3679 963 3833 Dpurp

817 3809 844 3853 a>
903 3782 957 3832 ⁰'·
