2422 4350
109 215 334 361 'numa
350 234 491 365 ncces.
526 238 642 336 ruer
661 243 773 337 vm.
848 228 935 367 343
1013 246 1022 265 ··
1093 274 1134 412 a&

87 429 139 508 ite
166 439 358 508 truncatus
392 452 565 518 coronam
592 452 653 508 ma
716 431 768 509 rii
791 454 934 532 prome-
963 521 965 528 y

86 555 101 606 :.
152 529 291 608 Verum
313 528 391 629 post
411 552 483 626 305
496 552 621 606 annos
645 532 681 606 h'
714 532 829 609 oriam
846 534 936 634 Epi·

86 651 206 726 ¹iorum
230 625 452 706 succellronis
476 630 536 704 hic
560 632 820 719 terminantes,
854 653 933 709 cer·
1070 684 1072 689 ν

86 730 153 806 lina
171 751 237 827 pro
252 727 427 824 religione
449 730 689 829 pugnantium
711 733 760 808 ad
775 731 933 830 postero·v

86 829 338 907 rmemoriam
351 828 504 906 -·litteris
535 830 710 906 mandare
742 831 932 929 aggredia-

86 951 108 1006 r·
835 972 838 977 .

86 1120 515 1193 ECCLESIASTICAE
557 1123 828 1195 HISTORIAE

260 1255 293 1331 L
315 1255 332 1332 Ι
355 1255 389 1333 Β
413 1255 447 1332 E
468 1254 516 1331 R·
554 1252 651 1334 vlu.

87 1421 275 1588 Qualem
298 1420 456 1520 gloriam
478 1418 742 1501 &libertatem
758 1414 927 1503 Christin·
944 1424 1114 1516 Diam

139 1554 142 1558 ’
176 1545 251 1611 „na
275 1520 436 1598 doitrina
461 1522 559 1618 apud
577 1545 706 1599 omnes
722 1522 874 1599 Graecos
890 1523 928 1599 &
943 1524 977 1587 ’ν’
987 1522 1091 1622 gerse·

86 1623 183 1699 beros
207 1630 294 1698 ante
309 1619 593 1717 persecutionem
616 1624 792 1697 memoria
809 1623 928 1700 nostra
945 1617 1024 1672 ‘W

85 1725 210 1799 itatem
235 1721 427 1798 consecuta
443 1717 487 1796 fit
493 1744 505 1811 ,
531 1742 597 1817 pro
614 1720 746 1798 merito
766 1718 927 1820 explica·
945 1817 948 1823 Ι
964 1711 1030 1821 ‘⁶2⁹
1041 1712 1074 1777 ἶ·
1122 1795 1126 1813 ,

86 1847 140 1898 ron
157 1821 351 1922 pollumus.
401 1818 632 1916 Argumento
650 1820 719 1897 else
735 1820 838 1919 pollii
852 1823 926 1901 Im·
1044 1832 1052 1851 ’

86 1936 216 1998 ntorum
247 1942 333 2017 erga
366 1919 504 1996 nostros
530 1919 757 2016 benignitas,
791 1922 925 2020 quibus
1031 1922 1036 1935 ‘
1136 1986 1143 1999 .

86 2022 189 2097 endas
206 2019 319 2097 etiam
338 2019 541 2117 provincias
559 2021 858 2111 committebant,
883 2023 924 2100 in
1028 2100 1032 2107 ,
1067 2062 1074 2091 ι

86 2121 157 2198 rtiis
196 2119 268 2196 luis
299 2118 495 2204 fovebant,
534 2117 715 2194 surmnum
743 2121 921 2201 honorem

86 2218 195 2318 scopis
211 2218 443 2306 deferebant,
461 2215 640 2294 Ecclefias
654 2232 823 2297 extruere
865 2243 924 2296 er·-

86 2321 214 2395 tebant.
261 2317 335 2394 Sed
354 2341 438 2395 curn
455 2318 567 2405 nimia
588 2316 756 2402 libertate
774 2320 813 2395 in
830 2245 922 2420 ‹lesi-

86 2443 106 2492 n
123 2416 275 2519 prolapsi
294 2416 468 2503 effemus,
494 2417 618 2494 divina
636 2418 730 2494 ultio
746 2418 820 2495 levi
838 2420 924 2497 bras

86 2517 258 2616 »integro
292 2517 414 2593 adhuc
440 2515 612 2594 Ecclesiae
636 2516 729 2594 statu
754 2517 921 2600 fidelium

86 2617 124 2693 is
138 2618 252 2695 libere
271 2616 570 2693 conuenientibus
586 2618 778 2695 ’moderate
796 2618 834 2694 in
850 2641 925 2698 nos

86 2715 115 2794 lt
139 2716 429 2794 animadvertere
460 2714 539 2794 orsa
570 2718 729 2816 primum
757 2717 922 2817 persecu·

86 2818 177 2893 eab
202 2818 247 2893 iis
269 2815 331 2915 qui
355 2815 575 2894 militabant.
638 2817 734 2917 Cum
759 2839 846 2895 uero
873 2816 921 2894 de

86 2917 183 2995 undo
210 2916 280 2992 Dei
305 2913 466 2992 Numine
494 2940 541 2992 ne
570 2915 815 3013 cogitaremus
840 2919 923 3017 qui·

100 3070 111 3106 ,
147 3030 236 3093 tunc
266 3016 414 3092 demum
444 3016 647 3093 obscuravit
672 3015 854 3095 Dominus
882 3018 922 3096 in
1018 3042 1021 3051 ¹

86 3117 137 3193 'ua
154 3115 268 3192 liliam
282 3115 371 3192 Sion
393 3113 511 3191 Tlrm.
527 3142 561 3194 2.
587 3130 676 3193 tunc
687 3118 787 3193 aedes
803 3114 923 3196 sacras
957 3139 1063 3216 espa

104 3217 266 3315 aequari,
292 3214 411 3292 sacros
436 3216 641 3293 divinarum
665 3213 921 3315 scripturarum
1090 3225 1094 3230 “

86 3339 115 3392 »s
136 3317 175 3392 in
192 3315 317 3392 medio
333 3315 413 3389 foro
431 3315 655 3392 concremari
674 3316 854 3402 vidimus,
880 3317 920 3395 δι
1068 3378 1074 3420 .‚

86 3413 244 3493 esrarum
281 3413 445 3492 Pastore's
486 3415 717 3493 inimicorum
758 3415 919 3495 ludibrio
1040 3507 1051 3521 ἱ

86 3516 184 3592 ›srtos
213 3513 478 3613 conspeximus.
527 3513 644 3611 Igitur
671 3537 791 3594 nonus
817 3513 918 3592 deci·

86 3667 87 3682 ,
124 3616 300 3714 agebatur
337 3637 457 3692 annus
488 3613 634 3714 Imperii
673 3613 917 3705 Diocletiani,

86 3780 88 3796 .
110 3713 236 3804 mense
249 3712 400 3813 Hystra,
425 3735 536 3817 quern
556 3713 716 3804 Romani
738 3713 916 3796 Martium
1065 3738 1070 3746 ’
1108 3808 1128 3843 x
1160 3810 1163 3823 Ι

91 3828 95 3835 ’
819 3835 916 3915 trW·
