2422 4350
249 254 368 355 534
481 231 684 367 ,UErrsebr'i
715 231 949 350 Cusarimrs
1047 164 1051 173 Ι
1119 231 1129 275 ³

190 479 193 488 ,
278 445 355 513 „ne
367 420 461 495 forte
476 430 540 496 aut
560 419 665 496 nobis
688 413 735 494 ob
751 429 891 496 naturae
908 417 1040 495 nostrae
1062 418 1202 498 infirmi·

280 533 440 610 „tatum⁹
466 532 529 594 aut
544 516 767 595 auditoribus
784 521 830 594 ob
846 518 981 614 ingenii
998 518 1203 597 tarditatem

277 644 352 712 „ex
368 620 543 692 alterutro
568 619 697 719 horum
723 631 788 691 aut
804 619 844 692 in
861 616 1125 714 blasphemiae,
1148 633 1206 695 aut

277 719 343 810 „in
365 718 566 792 schismatis
591 713 831 791 neceffitarem
853 717 1008 817 populus
1028 717 1205 793 incurrat:

228 898 230 906 ,
278 839 422 912 „neque
438 818 541 892 enim
555 815 608 889 'de
622 815 760 889 summo
778 814 870 911 legis
885 815 1013 890 nostrae
1035 817 1208 892 mandato

276 917 487 1007 „intervos
511 913 560 989 est
584 927 663 989 orta
689 916 896 1001 contentio,
928 935 1049 1010 neque
1076 939 1208 991 novum

157 1080 161 1084 ,
278 1012 454 1109 „aliquod
470 1037 493 1088 a
510 1013 614 1088 vobis
631 1013 676 1089 de
693 1012 761 1086 Dei
783 1013 884 1087 cuitu
899 1013 1148 1090 introduitum
1164 1014 1209 1091 et

277 1112 455 1208 „dogma
482 1111 664 1188 sedunam
681 1109 893 1186 sententiam
911 1112 1070 1198 tenetis,
1094 1114 1205 1203 adeo,

277 1224 346 1301 „ut
374 1210 423 1284 ad
445 1211 709 1287 communionis
737 1209 943 1285 societatem
972 1213 1075 1286 coire
1104 1212 1207 1286 focile

277 1308 447 1407 „possrtin
485 1310 547 1384 ¹Et
567 1309 615 1384 ad
639 1308 736 1383 hunc
756 1311 901 1404 quidem
923 1310 1077 1384 modurn
1095 1314 1206 1406 impe·=

278 1422 401 1499 „rator
418 1408 497 1479 Deo
515 1405 620 1483 canis
641 1407 740 1492 missa
764 1407 908 1503 epistota
933 1430 1063 1503 pacem
1083 1409 1205 1484 Eccle-

277 1506 364 1598 „fiae
390 1506 459 1580 Dei
491 1507 688 1582 reformare
719 1505 861 1581 studuit.
926 1506 1066 1583 Verum
1092 1507 1203 1606 majur

277 1617 382 1697 „erat
400 1605 605 1698 negotium,
631 1627 740 1702 quam
765 1619 807 1681 ut
828 1607 1032 1681 litterarum
1052 1608 1201 1682 ministe-

168 1730 173 1735 ·
204 1714 224 1802 'A
278 1709 358 1795 ‚nio
387 1703 500 1779 sedari
525 1705 645 1801 posset.
705 1702 811 1778 Adeo
840 1717 883 1779 ut
906 1707 1199 1782 contendentium

73 1803 80 1811 ’
276 1805 380 1892 „rixa
398 1805 515 1895 magis
530 1805 647 1879 indies
662 1802 764 1879 auita
781 1803 842 1892 fit,
868 1801 906 1878 δι
922 1804 1069 1880 cunstas
1092 1806 1200 1883 orien-

150 1906 153 1911 ’
252 1910 255 1915 ’
275 1904 350 1994 „tis
366 1903 573 1977 Provincias
589 1904 645 1978 vis
662 1903 751 1978 mali
769 1902 971 2002 pervaserit.

90 2409 242 2493 ssdonflani.

86 2497 190 2595 picem
203 2495 238 2555 io

95 2577 200 2646 Deum

89 2736 93 2743 p
139 2680 202 2746 cup.
211 2680 242 2725 2.

67 3150 81 3279 s‘
133 3209 240 3277 rer-e·

369 2096 443 2164 nm
484 2072 636 2166 urna
678 2096 1119 2173 cousramrrur

291 2224 297 2233 '
560 2226 913 2306 LissuRssL

280 2417 312 2473 r.
337 2393 528 2524 „Interim
551 2416 636 2468 vero
656 2393 736 2468 Deo
757 2416 862 2471 carus
878 2393 1101 2492 Imperator,
1126 2414 1203 2491 quae

423 2493 499 2582 „sui
517 2492 625 2568 officii
641 2508 744 2568 erant
760 2495 909 2569 minime
926 2493 1092 2591 neglexit
1109 2515 1202 2592 pror·

276 2592 360 2682 „sus
383 2591 563 2668 contraria
586 2593 652 2681 iis,
685 2614 767 2689 quae
793 2593 983 2690 tyrannica
1006 2594 1202 2670 crudelitas

276 2691 409 2787 „paulo
431 2708 516 2766 ante
536 2692 801 2788 praesumpserat
823 2713 930 2787 agere
953 2690 1122 2783 studens,
1146 2716 1202 2768 ea·

276 2813 372 2885 „que
401 2791 542 2864 ratione
573 2790 708 2865 cunetis
744 2789 902 2864 hostibus
935 2789 1094 2887 superior
1123 2791 1201 2868 snit.

276 2888 441 2985 „Quippe
463 2889 526 2964 ille
551 2913 633 2964 cum
665 2892 763 2964 omni
789 2889 920 2964 fiducia
938 2892 1117 2966 Christum
1139 2891 1202 2966 Dei

275 2987 439 3077 „nuntiis
457 3002 642 3086 >perpetuo
679 2989 909 3086 praedicavit,
959 3013 1027 3064 nec
1061 2988 1202 3066 salutari

276 3086 480 3175 ‚uocabulo
511 3087 645 3162 censeri
676 3089 838 3175 erubuit,
881 3110 1005 3163 verum
1039 3091 1088 3161 ob
1123 3112 1201 3164 eam

275 3200 379 3273 „rem
412 3184 482 3259 sese
509 3209 726 3283 magnopere
754 3185 926 3276 asserens,
968 3190 1140 3264 omnibus
1169 3187 1201 3262 se

275 3285 518 3372 „noscendum
543 3285 727 3371 exhibuit,
754 3287 839 3359 dum
863 3310 958 3361 nunc
978 3288 1127 3383 quidem
1152 3287 1201 3362 sa·

276 3384 411 3472 „lutari
434 3382 532 3479 signo
553 3384 695 3461 vultum
721 3386 924 3478 consignat,
958 3411 1056 3461 nunc
1076 3388 1199 3460 trium·

276 3482 400 3575 „puali
415 3480 588 3577 gloriatur
604 3485 778 3579 trophaeo.
829 3487 922 3571 Quin
939 3487 1049 3560 etiam
1071 3488 1108 3561 in
1124 3484 1199 3559 sub-

67 3596 125 3651 .’,
265 3582 379 3673 ’,Λίιηί
407 3582 567 3677 quadarn
592 3580 715 3657 tabula
744 3595 827 3656 ante
851 3583 1061 3659 vestibulum
1090 3584 1200 3680 posita

247 3678 455 3795 „patetne
470 3678 607 3779 signum
631 3674 824 3782 capitisue
847 3682 1100 3784 superpositum
1121 3692 1198 3781 pro·

162 3790 166 3795 .
313 3824 373 3911 ¹³..
408 3892 413 3905 Ι
452 3878 456 3883 Ι
612 3893 615 3902 Ι
1111 3804 1198 3882 „W
