2422 4350
130 244 460 408 liistc'riaesllccles.
497 244 611 352 liber
634 260 705 407 Vl.
800 190 898 377 521¹

86 475 112 559 nx
129 451 208 527 Deo
240 449 376 548 gratias
405 449 560 546 agebat,
601 450 639 528 dt
669 449 886 528 dormientis

106 550 227 650 pedus
249 551 351 626 velut
373 550 487 627 divini
505 549 662 648 Spiritus
678 551 887 630 Sacrarium

86 651 265 733 ulabatur.
330 650 513 726 Caeterum
540 662 643 747 patre
669 651 886 748 martyrium

86 775 135 841 :o,
158 749 231 849 ipse
253 772 337 853 cum
361 749 532 826 matre&
553 749 613 824 lex
634 750 793 846 parvulis
811 750 888 838 fra·-

86 875 98 924 ς
120 852 231 925 orbus
245 849 388 925 relillus
406 849 455 924 est
469 872 606 925 annum
629 855 741 946 agens
763 852 887 928 aetatis

86 974 170 1025 num
182 949 386 1026 decimum.
439 950 488 1024 Et
504 949 674 1046 quoniam
690 949 888 1029 facultates

86 1050 235 1125 sillatae
249 1049 421 1147 fuerant„
440 1048 487 1123 ad
504 1048 681 1139 summam
699 1053 888 1146 penuriam
1006 1130 1010 1135 ,
1089 1140 1098 1153 ⁸

86 1149 146 1225 lus
177 1149 310 1224 divinae
344 1148 583 1246 providentiae
610 1149 746 1223 meruit
778 1150 887 1225 auxi.
1009 1243 1010 1247 Ν

89 1271 98 1323 :
146 1263 320 1347 exceptus
350 1247 447 1322 enim
475 1272 500 1322 a
532 1259 698 1323 matrona
722 1249 888 1345 ¹quadam

86 1346 262 1436 utillima,
296 1347 356 1422 led
386 1367 469 1443 quae
493 1349 610 1422 virum
634 1347 889 1429 haereticorum
918 1433 921 1443 ,
996 1402 1000 1413 ,

86 1464 285 1544 agnatorem
315 1446 483 1533 fouebat,
519 1446 592 1523 suae
623 1447 663 1525 in
691 1447 784 1525 teila
817 1450 890 1526 fide
924 1480 927 1485 ·

86 1551 192 1623 antiae
232 1543 497 1623 illustrissimum
544 1546 720 1644 specimen
761 1548 889 1629 edidit.

95 1669 182 1723 vero
198 1649 362 1744 peritiam
376 1647 465 1720 artis
482 1646 742 1723 Grammaticae
756 1646 891 1725 assecu-

86 1746 268 1834 ldebatur,
294 1746 403 1845 paulo
421 1744 495 1841 post
508 1747 621 1842 patris
636 1758 792 1831 mortem
809 1771 891 1827 eam

86 1845 285 1943 rprofellns
300 1843 488 1922 neceffaria
505 1846 591 1920 vitae
605 1843 756 1920 subsidia
775 1849 890 1925 abun·

86 1957 117 2022 at
133 1947 171 2024 in
188 1944 254 2023 illa
267 1957 398 2034 aetate,
422 1942 486 2022 sabi
501 1946 736 2042 comparavit.
855 1974 858 1979 ·

93 2145 260 2236 „Interea
283 2167 367 2221 cum
392 2167 501 2226 nemo
517 2142 752 2220 Alexandriae
772 2142 888 2240 super·
908 2146 1057 2296 Origenes

86 2298 92 2332 ,
124 2246 186 2342 qui
210 2244 396 2320 tradendis
418 2244 503 2319 fidei
527 2242 655 2320 nostrae
674 2244 890 2320 rudimentis
905 2231 964 2297 “d‘’
983 2228 1070 2315 scm

86 2369 131 2421 lm
152 2345 277 2430 daret,
310 2344 458 2440 quidam
483 2366 530 2417 ex
553 2344 751 2440 gentilibus
773 2343 891 2441 ipsum
904 2316 1041 2468 ΨΜ

86 2457 171 2531 unt,
197 2442 358 2520 Verbum
373 2442 441 2516 Dei
458 2466 503 2515 ex
523 2464 568 2517 eo
588 2444 766 2518 audituri:
792 2445 889 2518 lnter
905 2421 1061 2552 ‘vafra'
1089 2446 1092 2451 ’

95 2545 250 2640 primum
265 2541 365 2616 fuille
381 2542 528 2616 tellatur
545 2541 778 2618 Plutarchum
796 2565 890 2618 mar·
926 2592 990 2658 pap·
1005 2590 1036 2655 4,

100 2641 215 2740 postea
232 2653 464 2716 coronatum:
489 2640 685 2718 secundum
696 2643 891 2719 Heraclem

86 2765 114 2831 a¹
134 2740 424 2816 Alexandrinum
454 2740 679 2838 Episcopum.
743 2740 893 2819 Annum

86 2842 297 2916 >decimum
321 2839 485 2914 ottanum
507 2840 660 2935 agebat,
685 2864 770 2917 cum
794 2857 892 2917 cate·
992 2932 995 2937 Ι

86 2941 174 3016 aenis
195 2938 422 3016 instituendis
444 2939 632 3035 praefetlus
656 2940 727 3015 est:
762 2942 890 3037 quoin

86 3048 134 3115 tre
164 3040 346 3114 maximos
377 3038 464 3112 fecit
497 3040 696 3135 progrellus
728 3054 891 3133 tempore

86 3141 293 3226 cationum,
336 3160 417 3235 quae
456 3138 518 3213 sub
551 3137 685 3235 Aquila
724 3139 890 3235 praescito

86 3240 219 3315 :andriae
236 3238 483 3333 contigerunt3
509 3251 594 3313 tunc
616 3237 789 3335 fiquidem
814 3262 891 3315 ma-

86 3360 123 3412 tm
144 3339 301 3414 nominis
325 3336 573 3413 celebritatem
597 3341 752 3432 adeptus
770 3337 818 3412 est
842 3337 888 3413 ob
955 3370 959 3377 ·

86 3436 264 3525 laodicia,
298 3459 380 3534 quae
407 3438 576 3512 omnibus
601 3437 726 3512 sanl'tis
751 3453 889 3534 marty·

86 3537 313 3627 texhibebat‚
336 3536 429 3611 adeo
445 3550 488 3609 ut
501 3537 656 3632 gentiles
668 3556 742 3611 tam
762 3559 888 3613 cruen-

86 3636 116 3712 ei
136 3638 271 3718 bellum
287 3636 504 3725 indixerint,
530 3649 571 3712 ut
587 3637 745 3731 undique
766 3636 890 3733 exagi-

86 3736 253 3835 tlcgat'us
267 3737 388 3820 fuerit.
438 3735 533 3810 Cum
548 3757 636 3813 vero
658 3737 780 3837 plures
800 3758 890 3830 quo·

427 3834 499 3915 Kk
528 3859 549 3933 5
773 3836 892 3929 „tidie
