2422 4350
126 235 131 247 ‘
181 218 361 339 sspson'ae
377 216 515 339 Eccsefi
549 216 738 347 Liberis,
777 228 783 241 '
843 242 932 337 479
1049 204 1055 221 ’
1111 320 1118 335 ,

99 406 235 504 Angesi
259 431 305 505 ap
330 407 467 483 arentis
495 406 634 482 anxilio
658 405 813 482 vinculis
841 406 931 487 libe·

86 531 120 582 rs
146 509 193 583 ad
220 431 488 606 praefinitionis
512 505 747 583 ministerium
771 505 932 583 dimissus
1074 564 1079 572 .

86 608 146 684 set.
193 608 305 703 Regis
327 628 414 682 vero
440 608 487 684 ob
513 618 736 681 commotam
761 605 931 685 adversus
948 613 1084 683 Herodis
1151 610 1197 659 κ’

86 706 211 782 osiosos
227 707 511 804 persecutionem
528 705 627 781 haud
642 705 706 780 din
722 706 835 798 dilata
849 705 929 781 vin·
946 696 1049 765 m‘m
1196 795 1200 805 Ι

86 832 111 881 :a
126 808 198 891 est,
223 808 278 881 uti
295 806 450 881 traditur
465 807 501 880 in
512 803 663 880 Aternus
672 803 929 904 Apostolorum
964 802 1091 870 ΝΜ·
1143 825 1144 829 ‘
1187 862 1200 875 .

86 933 161 983 .12.
189 905 226 982 <st
243 919 366 987 narrat
380 903 674 1005 etiamJosephus
690 907 714 979 s.
732 930 786 1001 19.
806 904 925 1000 Antiq.
1035 991 1041 1007 ἱ
1063 954 1067 963 ·
1094 902 1097 907 ’
1120 998 1122 1003 ,

100 1008 212 1083 etiam
235 1008 280 1080 de
296 1004 448 1082 Theuda
464 1004 569 1102 cujus
585 1004 707 1080 Lucas
725 1005 762 1078 in
778 1003 927 1079 nentur
968 1008 1014 1074 Do

86 1101 273 1180 >stolorum
303 1130 375 1202 cop.
397 1129 429 1199 5.
463 1105 651 1189 meminit,
692 1104 773 1178 haec
804 1105 927 1179 refert.
949 1093 1073 1161 TW‘
1177 1162 1180 1167 .

86 1205 117 1278 Ιο
142 1204 304 1305 Judaeam
336 1217 552 1302 procurante
582 1200 819 1300 praestigiator
851 1205 930 1299 qui·
965 1200 1091 1299 ΨΜ*

86 1328 101 1378 r
131 1306 278 1379 nomine
294 1303 464 1379 Theudas
488 1302 639 1379 colletia
655 1303 795 1399 ingenti
813 1302 931 1378 homi·

86 1427 104 1478 n
124 1404 358 1479 multitudine
381 1401 554 1501 pervafit,
580 1416 622 1479 ut
639 1402 830 1501 asportatis
854 1404 931 1501 opi·

107 1504 241 1579 ducem
264 1502 298 1577 se
312 1503 369 1579 ad¹
398 1505 570 1580 ordimem
589 1501 843 1600 sequerentur,
868 1500 931 1598 qui
1046 1520 1049 1525 ⁴

88 1602 164 1677 lem
181 1601 263 1700 ipsis
280 1617 361 1679 tran
376 1614 468 1678 itum
486 1602 571 1677 esset
586 1601 818 1701 praestiturus.
857 1601 932 1677 Sed
1157 1610 1160 1619 '

86 1707 138 1778 tus
165 1702 326 1780 immissis
342 1702 512 1778 adversus
531 1725 595 1777 eos
614 1704 778 1800 equitum
798 1703 931 1777 turmis

114 1804 245 1901 partim
267 1802 498 1890 occiderunt,
529 1803 664 1902 partim
693 1799 931 1899 comprehen,

86 1919 170 1990 ont,
202 1900 241 1978 ἁ
264 1903 337 1998 ipse
360 1900 532 1978 Theudae
555 1915 684 1998 captus
709 1899 783 1987 est,
825 1899 931 1997 cujus

86 2015 129 2077 ut
167 1998 355 2099 praecisum
387 2000 680 2100 Hierosolymam
715 1996 929 2076 retulerunt.
1048 2052 1056 2081 .
1198 2026 1200 2039 ¹

86 2102 162 2176 iem
179 2114 343 2198 tempore
361 2097 460 2176 same
476 2100 651 2198 grassante
664 2096 928 2175 HelenaAdia·
944 2098 1115 2202 Desieseoo

87 2223 195 2276 orum
220 2203 346 2296 regina
370 2198 593 2276 frumentum
621 2200 749 2296 grandi
775 2200 929 2296 pecunia
944 2206 1078 2272 ”W
1137 2240 1145 2251 ,
1189 2267 1191 2271 .

86 2299 244 2399 AEgypto
265 2315 472 2387 coemtunr,
499 2300 623 2395 egenis
644 2299 832 2376 distribuit.
963 2291 1089 2358 ‘as-¹²·

90 2550 99 2566 .
126 2479 402 2585 „sotereaicum
423 2493 515 2569 fides
532 2487 739 2574 servatorii
752 2494 859 2572 noun
871 2495 929 2596 Je·
944 2500 1115 2569 Destino·
1178 2584 1185 2593 .

86 2595 204 2670 :misti
225 2596 358 2691 ubique
375 2594 502 2671 diffusa
519 2596 623 2685 esset,
649 2596 778 2672 Simon
796 2597 929 2692 Magus
944 2588 1092 2701 ΜΜΨ
1170 2608 1173 2613 ’

86 2698 198 2771 timos
226 2717 374 2784 eornm,
408 2697 469 2793 qui
502 2696 629 2772 Romae
652 2696 857 2793 degebant,
890 2696 929 2772 in
962 2687 1099 2759 “W-if

86 2818 177 2872 orem
202 2793 366 2869 iniustos
388 2795 450 2871 sibi
476 2797 717 2893 mancipavit,
751 2796 806 2873 uti
827 2794 931 2897 Justi·

86 2918 90 2965 r
131 2895 280 2970 testatur
319 2897 357 2970 in
400 2895 517 2992 primo
552 2894 793 2992 Apologetico
840 2894 929 2996 (vid.
1032 2930 1037 2937 ·

86 3020 117 3070 n.
144 3021 176 3070 1.
214 2992 355 3092 Anusys.
394 3019 477 3092 pag.
497 2992 603 3096 361.)
647 2995 716 3071 Cui
747 2994 930 3072 subscribit

86 3117 132 3168 nn
163 3094 321 3168 lrenaeus
346 3094 383 3168 in
414 3099 529 3191 primo
556 3107 683 3170 contra
709 3094 862 3170 haereses
884 3095 928 3170 li·

93 3246 105 3280 ,
141 3192 179 3267 in
205 3215 277 3288 quo
302 3194 415 3268 vitam
438 3194 597 3269 hominis
618 3192 657 3271 &
681 3194 928 3293 impietatem,
985 3268 988 3273 .

86 3290 375 3490 ppifflffipnpyrpg
396 3290 929 3489 tsipfprisffiuffiffigipponoffi
960 3413 1016 3483 cap
1038 3400 1090 3482 1'4,

86 3490 163 3569 toni
193 3515 240 3564 ex
266 3504 353 3563 voto
378 3489 582 3578 fluxerunt,
621 3491 804 3568 confestim
831 3493 929 3569 enim
1057 3497 1063 3507 “

86 3591 344 3686 ‚providentia
380 3592 581 3666 maximum
613 3592 708 3666 inter
736 3592 931 3689 Apostolos
969 3635 973 3640 ,

86 3712 170 3769 rum
190 3691 348 3769 Romam
381 3690 571 3769 adversum
596 3692 702 3771 illum
738 3693 929 3792 perduxit,

838 3792 928 3890 „qur
