2422 4350
105 280 109 292 ¹
171 236 236 331 De
254 234 432 358 operibns
457 236 577 329 bonis.
608 236 725 327 Liber
740 237 838 335 iX„
876 260 963 355 397
1024 282 1060 359 g

68 418 116 502 'ed
138 426 261 526 primi
290 424 467 501 habentes
499 422 742 502 secundarios.
810 422 965 527 Neceffn·

68 526 232 626 demergo
247 526 447 628 existimavi,
472 549 593 621 rogare
599 524 749 618 fratres,
771 534 808 599 nt
818 533 963 622 pergant

68 625 105 699 nd
116 651 191 716 aas,
215 624 257 703 {i
270 633 456 723 preparent
475 633 550 698 ante
559 621 749 724 promiffiam
770 621 961 699 beneditiio·
1060 652 1064 665 ·

68 750 147 809 nne
184 750 250 802 non
264 724 354 821 qanst
369 723 564 809 avaritiam,
586 722 658 820 'qui
674 724 772 798 enim
789 723 874 812 dat,
899 746 961 798 ac·

68 824 145 940 ‚doit
158 825 297 921 magis,
320 819 438 921 &qui
455 822 597 899 videtur
616 823 772 913 donare,
812 823 960 900 benedi·
1081 918 1089 939 x

68 940 137 1124 'aa
163 1020 342 1123 ‚,Qnippe‚
366 1020 424 1118 qni
433 1016 703 1121 parceseminat,
724 1020 825 1119 paim
840 1018 881 1098 8
895 1046 959 1096 me·
976 1024 1119 1104 Fratue
1147 1008 1185 1061 ⁸*

68 1134 125 1219 aa,
147 1122 186 1199 85
209 1123 265 1220 qni
276 1120 419 1220 seminat
432 1120 692 1205 beneditionem,
718 1117 960 1195 beneditiionem
975 1111 1110 1191 itm.
1164 1160 1171 1171 ·

68 1221 221 1317 ,timetett
244 1222 457 1317 unusquisqne
466 1217 754 1319 stmtpropofiait,
795 1192 1067 1320 comesa-sim·
1148 1290 1156 1300 ,
1181 1234 1185 1249 ’

68 1324 146 1419 nint,
185 1321 353 1397 nonenim
381 1322 487 1394 nietni
511 1343 603 1416 opus
625 1316 696 1406 est,
725 1317 792 1393 'sed
818 1320 963 1395 animus

68 1424 234 1523 nnomtns.
308 1419 625 1506 Quemadmodum
645 1440 732 1513 ergo
756 1417 865 1493 debet
880 1420 962 1516 quis
1076 1424 1079 1429 ’

68 1532 224 1695 Brennus
239 1515 336 1594 etse?
375 1541 448 1593 non
473 1541 519 1591 ex
537 1514 675 1593 tristitia
691 1530 757 1592 aut
780 1540 827 1591 ex
843 1519 965 1594 neces·
1028 1558 1031 1567 ·
1168 1542 1174 1549 ·

89 1634 180 1708 tate,
212 1642 260 1693 ne
283 1616 347 1692 fiat
368 1616 504 1715 fruitus
523 1641 597 1692 non
616 1615 770 1692 fruitus:
808 1618 963 1695 intueris

68 1719 177 1807 enan,
204 1719 288 1814 quia
303 1715 342 1793 δι
360 1716 496 1814 plantae
512 1739 595 1792 cum
611 1716 799 1792 advenerit
817 1728 966 1815 tempus
1139 1776 1146 1786 .

68 1816 261 1903 Rufinum,
302 1816 388 1893 laete
415 1827 616 1920 exurgunt,
660 1814 836 1913 &primo
861 1838 966 1892 coro·
1094 1826 1100 1847 “

68 1933 193 2017 uantur
215 1914 385 2006 floribus,
418 1914 466 1991 s&
492 1914 710 1993 annuntiant
737 1913 837 1990 suam
870 1916 966 1992 laeti·

68 2018 168 2105 tiam,
196 2040 268 2091 non
285 2038 332 2089 ex
347 2012 488 2091 tristitia
502 2026 567 2091 aut
588 2038 635 2089 ex
650 2011 873 2112 necessetate,
912 2014 966 2090 in'·

68 2114 160 2195 brem
176 2116 259 2189 enim
275 2114 424 2191 datorem
451 2113 566 2213 diligit
582 2112 684 2190 Deae.
739 2113 788 2188 Et
802 2113 877 2213 post
894 2114 964 2190 hac
1177 2184 1184 2191 .

68 2216 224 2290 oratione
255 2213 445 2289 confirmat
480 2214 796 2289 adhortationem:
843 2213 964 2289 Potane
1100 2284 1105 2291 .

68 2317 221 2416 eflnntem
238 2312 329 2387 Dens
349 2316 383 2388 in
406 2315 494 2388 omni
511 2314 625 2410 gratia
643 2311 809 2388 abundare
824 2312 858 2386 in
882 2337 962 2404 aas,

68 2427 99 2490 nt
131 2412 247 2509 nbiqne
273 2410 401 2510 semper
427 2438 550 2488 omnem
569 2411 795 2511 sufficientiam
815 2409 967 2486 habentne

68 2513 228 2589 abundetis
251 2512 286 2586 in
310 2537 401 2587 omne
422 2537 502 2610 opas
533 2510 669 2599 bonnm,
704 2513 790 2610 stent
802 2508 966 2611 scriptam
1082 2518 1089 2541 ⁸

68 2617 122 2714 nt,
139 2611 285 2711 spmffl,
311 2610 401 2686 dedit
421 2610 635 2709 pauperibus,
666 2612 793 2709 justitia
807 2614 874 2706 ejas
892 2634 965 2684 ma·
1052 2650 1058 2657 ·

68 2724 112 2787 aet
127 2714 161 2786 e'n
174 2724 336 2786 aternum.
396 2710 624 2786 Contestatus
646 2724 769 2783 autem
785 2733 832 2782 ex
849 2709 964 2787 veteri

68 2811 287 2905 testamento
304 2810 540 2907 operabam,
581 2808 619 2884 de
636 2809 825 2884 ostendens
847 2811 965 2883 maxi·

68 2934 160 2986 nam
179 2910 322 2984 vineam
344 2909 495 2992 habere,
538 2909 669 2983 iterum
685 2909 733 2985 ad
748 2906 965 2981 benedittin-

68 3032 145 3084 nem
165 3006 441 3082 convertitur&
457 3008 562 3083 dicit:
607 3005 674 3107 Qui
697 3017 802 3082 antem
822 3005 965 3080 admini·
1133 3092 1137 3103 Ι

68 3111 140 3183 irat
148 3107 258 3206 semen
266 3107 453 3205 seminanti.
516 3107 653 3190 Putem,
688 3107 772 3203 quia
797 3129 870 3179 non
888 3118 967 3180 erat
1089 3152 1093 3159 ·

68 3206 131 3282 elia
148 3206 369 3303 nuncupatio
385 3201 481 3279 Dei?
517 3205 577 3279 sed
593 3205 742 3303 cupiens
757 3205 966 3292 admonere,

68 3306 145 3403 quia
171 3329 218 3377 ex
238 3305 317 3392 his,
357 3325 439 3402 quae
461 3305 544 3392 dat,
585 3327 631 3377 ex
654 3303 736 3400 ipses
755 3301 794 3378 δι
810 3304 965 3399 accipit:

68 3406 116 3501 qni
128 3401 374 3503 subministrat,
407 3404 543 3498 inquit,
567 3401 676 3501 semen
690 3401 889 3503 seminanti,
927 3398 968 3476 ii
1034 3412 1037 3417 ’
1136 3448 1140 3455 -

68 3530 176 3579 vanem
199 3504 246 3577 ad
262 3503 522 3578 nenndncandnm
540 3500 678 3590 tribuet,
711 3501 752 3578 8
767 3500 968 3599 multiplica·

68 3600 111 3675 iit
117 3601 227 3699 semen
244 3605 398 3698 vestram,
426 3601 466 3677 &²
481 3601 613 3698 angebit
627 3603 968 3697 incrementasrngnm

68 3703 189 3802 institia
212 3703 331 3799 vestra.
399 3701 448 3776 Et
471 3702 689 3799 deputetis,
723 3701 859 3797 inquit,
884 3699 970 3792 quia

872 3796 970 3893 „hoc

934 3934 944 3975 i
970 3972 972 3978 .
