2422 4350
188 236 190 241 ’
245 198 392 357 ⁴493',
451 336 458 343 .
527 164 679 360 radebit
713 185 1010 363 Caesarienses
1059 196 1078 241 ι’

91 422 142 513 sit
156 425 220 525 Cie-
274 425 400 518 „thios
425 425 589 523 epistola:
629 424 878 523 interpretatio
905 424 1021 502 etiam
1055 420 1095 498 S.
1111 423 1204 504 Pauli

88 519 200 610 mvi?
274 524 461 622 „epistolae
505 526 554 603 ad
586 526 766 601 Hebraeos
800 526 982 603 Clementi
1034 524 1202 603 tribuitur.

82 590 229 755 figis}
273 624 429 714 „Altera
447 646 594 723 quoque
612 625 814 700 Clementis
841 624 987 721 epistola
1007 623 1202 700 circumser-

109 757 111 760 <
144 696 241 764 Μ’
271 738 381 817 „tun
402 746 530 799 uerum
552 724 646 800 hanc
671 749 745 800 non
768 724 917 820 perinde
938 741 1124 820 receptam
1150 746 1200 820 pro

157 908 161 918 ¹
271 837 401 916 „certo
429 825 628 921 habemus,
675 823 969 920 quandoquidem
1004 822 1199 901 vetustiores

270 922 379 1020 „ejus
396 922 599 998 testimonio
614 945 844 1019 nequaquam
869 924 952 998 usos
977 923 1049 996 esse
1071 946 1198 1019 compe·

271 1025 427 1114 „rimuu
486 1023 585 1109 Petri
618 1045 705 1098 vero
731 1023 769 1098 dc
795 1021 974 1121 Appionis
1003 1022 1197 1118 disputatio

263 1136 364 1212 „nes
380 1121 552 1197 sinceram
571 1121 677 1196 restae
698 1121 783 1197 fidei
804 1137 931 1197 notam
949 1146 1024 1196 non
1042 1119 1194 1202 referunt

87 1232 138 1300 De
152 1224 241 1300 tibris
272 1221 423 1319 „Papiae
446 1244 533 1297 vero
554 1222 714 1318 quinque
739 1219 904 1297 feruntur
926 1219 1034 1309 libri,
1061 1242 1197 1315 quorun

87 1314 224 1403 Pupia,
271 1320 430 1412 „titulus
465 1318 533 1395 est:
574 1322 620 1396 de
653 1322 950 1418 interpretatione
979 1321 1195 1398 oraculorum

82 1421 235 1490 “ar-39»
270 1419 596 1515 „Dominicorum‚
638 1442 792 1516 quorum
834 1420 1003 1495 meminit
1052 1420 1195 1497 irenaeus

265 1519 322 1612 „t
342 1543 375 1614 5.
408 1531 491 1595 cont.
513 1520 592 1594 hur.
623 1545 705 1618 pag.
727 1546 786 1616 33.
830 1520 880 1595 Et
904 1519 1037 1616 Papias
1067 1520 1196 1614 quidem

124 1682 127 1687 .
267 1616 550 1715 „Apostolorum
567 1618 661 1694 dista
686 1618 733 1695 ab
751 1621 818 1706 iia,
845 1618 1010 1715 quicum
1030 1617 1196 1714 Apostolis

266 1718 424 1810 „versati
449 1718 615 1806 fuerant,
641 1718 675 1793 se
697 1719 866 1817 accepisse
895 1717 1107 1816 profitetur:
1131 1717 1197 1794 scri·

71 1892 90 1913 .,
265 1817 350 1915 „bit
373 1817 485 1892 etiam
509 1831 696 1893 mortuum
718 1818 779 1894 sua
799 1829 910 1893 aetate
934 1818 1116 1893 advitam
1143 1818 1198 1893 elie

161 1956 163 1960 =
266 1930 525 2008 „revocatumz
560 1917 598 1994 dc
616 1917 773 2017 justum,
797 1918 861 2015 qui
873 1916 1053 1994 Barsabas
1077 1940 1198 2011 cogno·

176 2046 183 2057 ·
266 2016 455 2107 „minatus
472 2016 540 2105 est,
566 2041 651 2093 cum
670 2017 807 2093 lethale
832 2016 1004 2115 poculum
1028 2016 1199 2111 ebibisset,

267 2127 420 2205 „tamen
435 2115 506 2193 Dei
526 2115 693 2216 adjutum
709 2119 826 2215 gratia
844 2115 986 2192 nultum
1001 2117 1091 2206 inde
1109 2140 1199 2193 acce·

171 2268 175 2272 -
265 2215 378 2313 „pisse
407 2215 702 2295 incommodum.‚
744 2216 845 2313 Idem
866 2217 997 2315 Papias
1021 2216 1125 2290 mille
1147 2240 1200 2292 an·

223 2396 225 2405 ¹
265 2310 424 2404 ‚morum
441 2313 596 2412 spatium
617 2316 692 2416 post
705 2339 897 2414 corporum
915 2315 1199 2394 resurrectionen

194 2418 202 2437 ⁸
262 2412 369 2503 „fore
390 2414 504 2501 dixit,
544 2436 617 2511 quo
641 2438 794 2511 regnum
820 2413 950 2490 Christi
975 2416 1200 2511 corporaliter

263 2511 357 2602 ,',stet
376 2515 414 2588 in
439 2515 525 2588 orbe
546 2528 744 2604 terrarum,
780 2537 863 2611 quae
884 2515 1032 2610 quidem
1060 2517 1113 2588 ita
1134 2517 1198 2611 opi·

261 2625 399 2711 „natus
417 2613 485 2688 effe
509 2614 652 2691 videtur
669 2615 799 2712 Papias
821 2639 868 2688 ex
889 2614 986 2689 male
1014 2612 1195 2689 intelletiir

86 2793 94 2817 4
169 2790 172 2795 ,
261 2710 545 2808 „Apostolorum
570 2715 873 2802 narrationibus,=
902 2713 973 2787 fuit
1002 2715 1103 2797 enim
1132 2737 1192 2788 me·

260 2810 402 2898 „diocri
428 2813 629 2891 admodum
661 2813 807 2910 ingenio
837 2813 1040 2911 praeditus,
1083 2826 1126 2888 ut
1157 2836 1190 2889 er

187 2911 202 2983 ζ
260 2909 427 3008 „scriptis
458 2912 558 2987 illius
582 2912 759 3009 conjicere
788 2912 894 3005 licet;
942 2913 1128 3010 plerisque
1149 2926 1188 2990 ta·

158 3044 166 3055 ⁸
245 3032 373 3098 „men
404 3010 480 3108 post
512 3011 627 3108 ipsum
660 3009 914 3087 Ecclefiasticis
948 3011 1187 3108 scriptoribus,

155 3144 158 3149 ·
259 3107 451 3205 „ejusdem
483 3111 615 3187 erroris
645 3112 867 3188 occasionem
896 3111 1073 3208 praebuit.¹
1116 3126 1188 3210 putu

257 3207 576 3298 ‚,1renae0&aliis.
616 3211 718 3295 Idem
727 3211 858 3309 Papias
870 3224 1016 3295 narrat,
1033 3210 1187 3289 Marcum

244 3307 384 3396 „Petri
400 3311 632 3407 interpretem
649 3332 875 3408 quaecunque
891 3310 1081 3387 memoriae
1099 3335 1187 3387 man·

256 3408 435 3496 „daverat
455 3409 702 3508 perscripsrsse,
728 3436 801 3486 non
823 3423 946 3485 tamen
970 3411 1101 3485 ordine
1122 3433 1187 3507 per·

257 3508 456 3597 „texuisse‚
482 3531 565 3606 quae
591 3510 787 3586 aDomino
812 3509 905 3585 dicta
926 3521 991 3586 aut
1006 3510 1104 3606 gesta
1120 3510 1188 3586 fue·

256 3620 377 3697 „rant
428 3607 484 3682 De
513 3609 693 3685 Matthaeo
723 3632 811 3686 vero
844 3607 892 3685 fic
924 3609 1058 3685 habet:
1101 3610 1189 3686 Mat·

252 3706 400 3809 „thaeus
418 3708 566 3807 quidem
583 3709 767 3789 Hebraico
785 3710 949 3788 sermone
963 3709 1091 3789 diviua
1112 3709 1188 3887 seg}

1097 3832 1146 3910 ”P
