2422 4350
220 228 420 346 'Hillorr’ae
433 230 573 351 Ecclefi
603 230 719 321 Liber
741 232 807 325 Vl.
899 256 992 353 527

74 414 160 501 udo.
185 416 359 592 Cbrgl‘rlclp.
386 416 552 514 Origenis
574 418 762 515 ingenium
778 419 817 496 δι
832 419 995 498 Philoso·
1151 478 1155 493 .

75 516 182 613 ‚phiae
200 516 248 591 do
301 518 309 533 ‘
337 540 399 592 am
416 518 659 595 commendat.
692 518 770 595 Sub
787 521 884 597 idem
901 532 994 599 tem·
1106 564 1111 587 ι

75 638 174 712 pus,
212 616 300 693 dum
320 614 495 713 Origenes
510 615 995 714 Alexandriaemoraretur,
1112 666 1116 671 ·

75 715 189 809 ,miles
203 715 353 812 quidam
376 715 574 793 adveniens
591 717 779 794 Demetrio
796 719 993 819 Episcopo,

75 812 120 905 ,dc
138 814 312 891 Praefeuo
336 814 487 914 Algypti
511 816 653 892 litteras
678 841 701 893 a
727 818 821 894 duce
844 820 994 899 Arabiae

75 915 236 1005 detulit,
262 926 305 992 ut
329 914 514 991 confestim
527 972 530 977 -
542 916 589 993 ad
607 916 642 992 se
658 916 852 1014 Origenem
869 921 993 997 mitte·

76 1026 182 1106 pent,
221 1016 284 1109 qui
312 1013 509 1090 dotlrinam
532 1015 632 1092 suam
658 1017 721 1114 ipfi
746 1022 993 1099 communica·

75 1126 144 1203 ,ret
196 1114 321 1191 Missus
348 1113 460 1210 igitur
481 1114 526 1190 ab
551 1114 625 1191 illis
641 1114 819 1212 Origenes
839 1120 878 1195 in
897 1119 992 1197 Ara·

77 1213 177 1305 ‚biam
194 1213 375 1312 perrexit,
401 1237 470 1288 nec
484 1215 603 1291 multo
619 1215 696 1312 post
707 1216 863 1315 perfetio
879 1242 991 1317 nego·

76 1312 131 1405 ,tio
144 1311 409 1389 Alexandriam
424 1314 598 1409 regressus
610 1313 669 1391 est.
720 1317 816 1393 Cum
832 1340 920 1395 vero
936 1319 990 1397 ibi

76 1412 322 1511 ,gravissimum
348 1411 485 1488 bellum
507 1415 708 1492 excitatum
729 1416 869 1507 fuisset,
893 1418 988 1497 clem
1133 1482 1136 1487 .

75 1513 164 1599 inde
188 1513 382 1608 aufugiens
402 1512 629 1591 Palaestinam
655 1514 781 1612 petiit,
812 1516 851 1594 dt
871 1516 990 1595 Caesa-
1191 1544 1196 1553 ·

75 1634 154 1699 ,reae
177 1611 402 1688 domicilium
419 1611 522 1701 lixit,
546 1616 609 1692 ubi
625 1617 737 1691 etiam
754 1616 801 1692 ab
816 1617 916 1694 illius
931 1639 989 1693 re·

76 1712 202 1809 pionis
221 1711 408 1810 Episcopis
428 1726 579 1809 rogatus
602 1713 674 1803 est,
707 1727 749 1790 ut
769 1715 913 1814 publice
933 1716 990 1794 di·

76 1814 183 1889 uinas
208 1812 415 1912 Scripturas
441 1810 585 1889 tametsi
610 1813 774 1891 nondum
798 1816 989 1913 presbyter

76 1934 124 1987 ex
153 1927 290 1990 oneret.
339 1911 415 1989 Sed
439 1935 524 1988 cum
547 1913 760 1991 Demetrius
779 1938 864 1991 eum
883 1937 989 1993 revo-

148 2027 216 2102 et,
259 2011 538 2188 bAlexandriam
573 2010 739 2094 reversus
775 2015 989 2095 consuetum

76 2134 212 2189 munus
235 2135 259 2187 o
282 2112 340 2188 iit.

83 2360 89 2381 .
126 2332 161 2405 n.
191 2308 359 2400 „Eadem
379 2304 591 2407 tempestate
606 2306 783 2407 Beryllus
796 2308 986 2389 Bostreno·
999 2308 1119 2413 Beryllr‘

76 2430 161 2485 mm
180 2410 220 2485 in
234 2408 371 2487 Arabia
387 2409 585 2507 Episcopus
602 2409 748 2499 floruit,
771 2413 833 2508 qui
847 2394 1109 2510 praeterstante

76 2508 247 2608 epistolas
268 2508 592 2586 &lucubrationes
612 2510 712 2585 varia
729 2510 907 2606 elegantis
931 2512 987 2588 in·
1019 2501 1146 2568 ’Μ’

77 2609 176 2705 genii
193 2622 430 2685 monumenta
450 2607 652 2704 dereliquit.
703 2607 822 2685 Simul
839 2607 877 2686 ὅ(
893 2610 984 2710 Hip·
999 2610 1169 2703 [appones.

78 2708 230 2807 polytus
241 2709 393 2786 alterius
409 2705 579 2784 Ecclesiae
597 2705 806 2807 Episcopus.
855 2711 987 2787 Perve-

77 2810 134 2885 nit
149 2808 263 2884 etiam
280 2809 327 2884 ad
343 2830 412 2884 nos
428 2807 508 2905 Caji
522 2805 732 2885 disertissimi
747 2808 815 2884 viri
829 2808 987 2907 disputa·
1002 2805 1079 2894 Cu't'

77 2910 133 2985 tio
163 2908 295 2984 Romae
326 2909 451 2984 habita
482 2906 654 2983 adversus
681 2904 854 2984 Proclum
876 2911 988 2987 Cata·

77 3007 302 3105 phrygamm
317 3005 463 3084 haeresrs
484 3017 814 3105 propugnatorem,
836 3009 900 3087 ubi
915 3020 989 3086 tre·

77 3107 197 3182 decim
221 3104 336 3183 solum
359 3105 464 3184 Pauli
488 3104 655 3202 epistolas
679 3123 883 3201 memorat,
905 3131 988 3187 eam

77 3205 127 3283 ad
145 3206 326 3283 Hebraeos
348 3230 423 3282 non
444 3205 702 3284 adnumerans.

127 3429 186 3479 ιο.
212 3403 423 3507 „Caeterum
448 3402 640 3480 Antonino
667 3425 752 3481 cum
779 3423 850 3506 per¹
868 3396 1135 3481 annosAm‘-

77 3500 214 3601 septem
239 3502 371 3603 sexque
396 3503 536 3580 menses
566 3504 787 3603 imperasset,
829 3502 985 3581 succeffit
998 3504 1070 3588 ’‘A'‘
1092 3486 1170 3559 ΜΡ

79 3602 290 3693 Macrinus,
326 3603 389 3702 qui
414 3627 498 3680 cum
521 3604 568 3679 ad
593 3604 679 3679 anni
703 3604 814 3679 unius
833 3603 985 3702 spatium
996 3590 1116 3722 ‘Im‘

77 3702 193 3780 uitam
216 3703 465 3803 protraxisset,
503 3702 601 3781 alius
632 3705 757 3785 denuo
777 3700 989 3819 Antoninus
1017 3674 1083 3742 Μ’

862 3826 990 3907 ”Pnfl‘
