2422 4350
78 166 98 177 ’
233 205 299 351 oe„
323 208 409 294 voa
432 201 669 329 moenem
695 140 810 295 roo
823 202 898 296 ιν.
956 146 1048 322 349-
1136 300 1138 309 ¹

109 394 252 486 „tenue
270 367 526 490 inquinaretur.
576 391 757 468 Praeteren
774 387 813 468 in
828 390 964 488 palatio
978 389 1041 467 suo
1072 411 1137 484 rep.
1146 348 1210 481 17·¹

109 491 258 585 „veluti
274 490 469 568 Ecclefiam
484 490 553 593 Dei
570 488 771 589 constituit,
796 513 839 566 ac
855 490 1048 587 diligentia-

109 588 1051 783 distiterit‘tittditdtbbib
1151 716 1154 721 ,

109 813 214 882 „nus
235 790 376 866 sumens
393 713 539 866 oracbld
553 812 575 863 a
587 777 666 862 Deo
689 789 786 864 edita
807 788 948 874 attento
963 789 1045 864 ani·

111 912 206 981 ‚emo
234 888 500 966 meditabatur:
545 887 688 986 posthac
717 886 891 964 solemnes
916 907 1042 985 preces

110 1012 227 1083 „eum
243 987 406 1066 universo
427 985 626 1066 aulicorum
642 997 740 1066 ooetu
758 988 945 1067 recitabat.
1042 1042 1046 1053 ,

188 1214 224 1286 4.
268 1184 401 1275 „Diem
433 1206 520 1262 vero
549 1183 815 1283 precationibus
841 1206 1039 1279 congruum
1056 1186 1156 1261 debes
1191 1202 1195 1268 ἱ

78 1312 82 1383 3
115 1285 268 1374 „baben
285 1284 466 1372 constituit
480 1306 587 1373 enm,
611 1286 673 1379 qui
687 1305 811 1369 revera
825 1279 1098 1362 DominicusD
1172 1282 1180 1297 ‘

74 1381 1038 1580 z”ferdritinrniiuuttrru
1054 1362 1184 1513 iss

74 1570 86 1685 p'
112 1534 250 1678 :bique
274 1582 467 1681 virtutibus
488 1537 605 1657 obnati
622 1583 749 1671 esent,
772 1584 885 1657 totius
908 1583 1039 1658 domus
1072 1543 1201 1681 ΜΝ

109 1679 510 1781 5,custodes‘ordinavit.
559 1680 959 1780 Denique-Protectores
970 1680 1040 1762 sidi
1142 1684 1173 1721 ·'

107 1778 397 1878 ‚simperatorem
426 1781 571 1878 pietatis
594 1781 797 1876 magistrum
814 1781 1011 1857 habebant
1025 1824 1047 1869 ,·

106 1877 177 1970 ,·‚&
214 1878 444 1956 Dominicum
474 1881 571 1955 diem
604 1882 751 1978 perinde
792 1879 1038 1970 honorabant,

106 2000 257 2076 „eoque
278 1980 337 2054 die
361 1981 585 2076 precationes
611 1981 820 2077 Imperatori
845 1990 966 2077 gratas
990 1980 1040 2056 ad

106 2076 260 2193 „Deum
284 2077 505 2164 fundebant,
542 2077 701 2175 reliquos
729 2079 839 2155 etiam
865 2077 1049 2155 mortales·
1095 2148 1100 2159 ,

106 2177 188 2268 ead
206 2177 304 2255 idem
321 2177 527 2254 faciendum
546 2178 727 2266 incitavit,
752 2194 860 2276 atque
882 2177 929 2255 ob
944 2177 1039 2255 hanc

104 2276 282 2369 ,mansam
308 2276 445 2353 cunetis
470 2279 658 2375 praecepit,
698 2291 740 2353 ut
764 2278 823 2353 die
846 2275 1040 2353 Dominico

75 2430 90 2445 ·.
104 2376 374 2467 ,aferirrentnn
401 2391 515 2473 utque
541 2376 636 2453 diem
661 2379 723 2479 qui
744 2374 793 2452 est
817 2375 931 2475 pridie
950 2375 1041 2452 Sab-

104 2475 214 2567 ,eba'ti
231 2474 390 2551 similiter
405 2474 624 2555 honorarent
637 2478 674 2552 in
687 2476 898 2553 memoriam
915 2495 1050 2551 eatum-

103 2594 286 2666 „rerom,
311 2596 394 2671 quae
419 2598 441 2651 a
461 2575 644 2653 communi
669 2574 831 2651 omnium
846 2573 1038 2651 Servatore

107 2674 215 2766 „iilis
245 2673 372 2750 diebus
398 2673 505 2770 gesiae
533 2674 599 2750 esse
631 2675 880 2772 perhibentur:
926 2671 964 2749 dt
984 2673 1038 2749 ita

105 2771 305 2864 „fidelibus
336 2773 453 2850 otium
485 2771 650 2863 indulsit,
692 2795 764 2870 quo
794 2772 931 2871 absque
961 2769 1080 2868 ullu.⁴
1121 2854 1125 2862 ,

107 2873 397 2968 „impedimento
420 2873 643 2953 orationibus
668 2884 856 2960 vacarent,
889 2869 1041 2965 reliquis,

108 2991 246 3062 „verm
280 2974 343 3069 qui
372 2971 504 3053 divinae
533 2971 617 3047 fidei
650 2970 847 3048 debirinam
876 2970 1036 3045 nondum
1069 2982 1203 3069 cem

107 3068 381 3169 ,‚susceperant‚
405 3073 520 3149 altera
536 3070 616 3167 lege
639 3071 830 3168 praecepit,
854 3079 897 3145 ut
910 3066 1036 3143 Domi·

110 3168 231 3262 „uicis
248 3169 376 3245 diebus
389 3170 428 3246 io
445 3192 613 3271 campum
630 3191 758 3267 purum
780 3167 1035 3265 procederent,

108 3268 449 3366 „deprecationem
474 3293 582 3368 quam
599 3280 706 3343 antea
722 3266 918 3343 didicissent
933 3265 1035 3342 simul
1109 3320 1112 3325 ,

109 3391 266 3460 „omnes
291 3366 389 3462 signo
413 3369 500 3446 dato
526 3368 574 3444 nd
594 3367 713 3443 Deum
734 3366 945 3452 funderent,
972 3389 1034 3442 cu·

110 3466 196 3565 „jus
218 3466 412 3543 sormuiam
437 3467 509 3565 ipse
530 3469 727 3564 Imperator
750 3465 885 3540 condis
911 3463 1035 3541 militi·

110 3569 207 3658 „bus
229 3566 385 3641 tradidit
395 3566 545 3663 jubens,
576 3577 618 3641 ut
636 3564 749 3640 latino
771 3565 931 3641 sermone
956 3587 1041 3637 ome

110 3688 205 3760 „tres
227 3665 499 3768 pronuntiarent
522 3665 687 3844 edphunc
702 3667 871 3743 modum:
908 3662 998 3834 sels
1019 3704 1035 3724 ·

202 3814 205 3823 ·
610 3787 681 3863 Ρ4
782 3826 785 3831 ·
869 3834 874 3853 ·
933 3816 957 3853 t·
975 3788 1035 3842 um
