2422 4350
141 206 287 335 testo
309 220 400 309 arv.
415 218 555 313 rann
589 217 706 345 nte
722 218 758 310 r.
844 223 931 337 ³⁶5
997 170 1013 249 ³

292 474 296 479 -
431 431 515 507 ,η

193 425 670 653 'Anninrsln

83 737 238 817 'usebius
252 742 292 817 in
312 743 384 816 hoc
402 741 442 818 δι
458 742 619 839 sequenti
634 740 727 817 libro
748 740 826 837 akit
840 764 927 818 con·
941 742 1038 812 Ritus

83 837 95 873 ¹
116 853 175 915 tra
205 840 355 917 haerefin
387 841 560 931 sabellii,
611 839 835 919 &Verbum
859 844 926 919 effe
941 832 1070 930 afim

84 963 182 1014 inam
216 964 238 1016 a
264 940 373 1016 Patre
406 941 603 1017 distinttnm
636 942 765 1038 probat
789 941 925 1038 primo:
941 911 1105 1015 ‘mim

88 1038 217 1115 Manto
228 1067 262 1141 3.
289 1066 321 1116 v.
335 1064 392 1139 17.
418 1040 526 1117 Pater
541 1039 648 1115 dicit:
675 1039 786 1155 '‘„Hic
807 1043 848 1126 eli
867 1041 927 1116 Fr-
979 1100 985 1111 ,
1041 1090 1046 1105 ·

95 1164 204 1226 meus,
227 1162 301 1214 non
323 1161 397 1214 vox
417 1162 500 1215 mea
525 1151 590 1216 aut
604 1151 787 1234 cogitatus
806 1161 935 1231 meus‚·
1076 1214 1079 1229 ,

90 1236 208 1312 Filius
221 1260 338 1313 meus.
395 1235 565 1315 Secundo:
601 1238 759 1338 Joannes
777 1260 850 1313 vox
871 1240 928 1316 di·

84 1358 92 1407 t
111 1360 185 1410 non
206 1337 382 1412 interimit
400 1337 606 1426 hominem,
632 1360 720 1435 ergo
739 1336 851 1414 etinm
866 1336 896 1414 F
896 1339 929 1415 i·

121 1435 283 1511 Verbum
322 1436 438 1513 ditius
470 1462 544 1512 non
576 1436 759 1535 intercipit
791 1437 924 1521 Deum.

85 1536 153 1608 tio:
182 1534 355 1612 ¹Verbum
369 1561 442 1611 non
464 1549 552 1613 tunc
565 1537 675 1613 modo
690 1549 768 1614 erat
787 1536 924 1627 Filius,

86 1634 161 1710 ndo
181 1637 369 1731 apparuit,
392 1660 465 1711 non
481 1660 564 1712 cum
584 1637 795 1724 nobiscum,
835 1649 926 1713 tuno

85 1735 169 1831 [pud
187 1734 328 1823 Deum,
364 1736 425 1810 sed
448 1737 487 1811 in
507 1737 682 1832 principio
700 1749 797 1825 erat,
837 1750 924 1813 ante

85 1832 144 1908 ula
163 1848 261 1919 erat,
283 1858 366 1932 quae
382 1858 446 1934 per
461 1835 576 1934 ipsum
592 1834 687 1911 fatto
705 1835 787 1913 sunt
797 1857 808 1927 3
831 1849 923 1926 erat,
1017 1850 1023 1861 '

85 1957 113 2019 :,
140 1933 278 2032 semper
297 1948 375 2012 erat
393 1933 504 2037 ⁰‘form
528 1962 558 2012 1.
617 1935 763 2035 Quarto:
805 1934 923 2013 bonus

86 2033 186 2108 ‚³ater
200 2088 214 2131 ,1
235 2032 273 2108 δι
289 2035 428 2111 nonest
445 2035 578 2110 divisus
592 2056 769 2131 generans
784 2032 921 2110 filium:

86 2156 144 2207 ens
160 2133 221 2220 est,
243 2132 362 2210 &non
376 2145 454 2209 erat
463 2134 517 2210 illi
528 2133 757 2231 impoffibile‚
771 2133 922 2231 implere

86 2256 110 2305 η
128 2233 348 2309 bonitatem:
375 2234 557 2310 Confitere
582 2256 668 2331 ergo
684 2235 828 2310 Patrem
847 2258 922 2312 non

86 2357 160 2418 rm,
197 2333 233 2407 &
257 2333 370 2410 alium
395 2359 469 2408 non
489 2345 615 2408 natum
639 2355 800 2430 quaerere
823 2333 921 2423 noli,

86 2456 97 2506 ι
124 2456 193 2506 nec
209 2434 392 2508 invenies:
432 2433 604 2507 confitere
631 2433 821 2509 &Filium
839 2434 922 2508 uni·

87 2531 200 2617 itum,
231 2546 357 2608 natum
383 2533 550 2620 epatre,
596 2531 633 2607 δι
656 2533 768 2607 alium
787 2531 920 2609 Filium

87 2652 243 2727 quaeras,
283 2633 373 2709 nihil
398 2635 494 2707 enim
516 2633 657 2728 aequale
682 2631 730 2706 est
756 2633 921 2726 unigeni·

114 2755 188 2804 non
220 2730 268 2804 ost
299 2757 394 2806 unus
419 2757 466 2805 ex
490 2733 567 2816 his,
612 2753 693 2827 quae
715 2754 778 2825 per
802 2729 918 2827 ipsum

87 2853 118 2911 :,
153 2855 226 2902 non
252 2829 300 2903 est
321 2831 456 2904 exhor
480 2831 639 2915 mundo,
673 2830 732 2904 sed
757 2831 918 2905 mundus

96 2928 230 3022 ipsum,
269 2932 390 3004 omnia
415 2953 478 3026 per
494 2931 607 3027 ipsum
624 2930 725 3014 sunt,
771 2930 808 3003 iit
828 2929 920 3006 nihii

98 3026 193 3122 ipso:
231 3052 302 3101 non
327 3029 376 3102 est
396 3054 490 3105 unus
515 3054 560 3101 ex
578 3029 764 3126 prophetis
782 3029 919 3118 Filius,

93 3149 156 3220 per
169 3151 277 3223 quem
294 3139 420 3202 omnes
436 3129 642 3225 prophetae:
668 3154 741 3203 non
761 3151 855 3204 unus
871 3150 920 3203 ex

90 3227 174 3307 bus,
218 3226 275 3297 sed
295 3250 358 3323 per
385 3251 492 3324 quem
514 3251 641 3301 omnes
669 3250 796 3324 reges:
844 3251 918 3303 non

91 3350 107 3398 s
124 3349 170 3398 ex
184 3324 308 3423 Justis,
332 3326 393 3400 sed
412 3328 484 3425 ipse
498 3326 642 3423 justitia.

91 3550 98 3566 .
131 3490 285 3591 „Quinto
317 3491 479 3569 Verbum
515 3492 575 3569 seu
596 3490 711 3570 Filius
742 3489 811 3566 Dei
843 3514 917 3568 ηοη
933 3512 1080 3585 Verbum

89 3594 294 3686 rapparuit,
326 3607 413 3667 tunc
435 3594 552 3681 venit,
587 3591 646 3667 sed
671 3604 749 3667 erat
775 3593 914 3680 latens,
930 3603 1063 3668 antelo-

89 3692 193 3783 aruit‚
217 3692 278 3790 qui
302 3710 380 3770 erat
401 3693 542 3784 latens,
565 3717 652 3770 nam
665 3690 772 3791 juxta
794 3688 913 3765 Evan·
930 3693 1083 3771 cornaria.

824 3813 915 3887 ”ge,
928 3786 995 3835 mm
1005 3784 1083 3844 erar.
