2422 4350
211 148 558 343 ‘sliflorr'ae‘Ic'cclrisq
592 224 705 313 Liber
723 225 775 311 11.
820 158 851 267 '⁸
881 164 965 340 477
1084 244 1088 253 ’
1148 162 1162 194 ³

58 411 140 499 ‚lata
157 413 226 489 oid.
237 413 378 527 Analps
395 422 471 489 lom.
483 442 515 510 3.
530 436 611 508 pag.
628 416 682 488 rh.
729 413 784 487 lta
805 410 970 486 salutaris
1003 427 1122 495 ‘dr-Ae

67 512 133 588 llei
150 514 266 587 sermo
291 512 492 587 umversum
513 524 688 586 terrarum
709 513 834 587 orbern
854 512 972 591 subito

58 560 272 705 illustravit,
291 615 499 708 primusque
515 616 552 692 'tu
568 614 655 687 urbe
671 610 871 687 Palaestinae
888 613 970 687 Cae·

63 736 159 817 ¹prea
178 713 370 787 Cornelius
396 734 479 797 cunr
500 711 814 802 universasamilia
838 709 971 786 villone
997 758 1003 781 r
1062 716 1074 745 ⁸
1126 730 1129 737 ·

93 813 399 895 uadamdivina,
445 811 613 906 Petrique
637 811 970 886 ministeriosidern
1082 858 1086 869 ·
1150 828 1191 839 ''

89 913 191 987 ,nnsti
220 910 267 984 est
295 911 507 1005 amplexus,
542 910 579 984 dr
604 911 808 1006 complures
833 912 894 1011 alii
923 936 971 985 ex
1025 956 1039 996 ,v
1140 924 1154 933 ’“

109 1012 233 1086 ntihus
249 1009 456 1085 Antiochiae
485 1011 580 1083 idem
599 1009 782 1094 fecerunt,¹
810 1011 971 1104 vigente·
1095 1046 1097 1051 ·
1162 1014 1165 1019 ’

89 1134 130 1184 ue
156 1114 207 1184 ibi
233 1110 388 1184 Ecclesia
415 1111 565 1183 aderant
590 1109 734 1206 plurimi
759 1109 860 1183 Amul
884 1134 971 1184 cou-
1091 1136 1101 1147 ³

99 1198 201 1305 egatl
219 1225 296 1284 tum
315 1215 359 1283 ab
372 1210 635 1304 Hierosolymis
653 1210 863 1305 Prophetae.
892 1210 971 1305 qui-

81 1334 214 1385 uscum
239 1311 372 1383 lss’aulus
397 1309 466 1407 suit
490 1309 527 1383 dr
553 1309 759 1394 Barnabas,
799 1324 877 1382 tum
906 1310 971 1385 'alii
1057 1368 1060 1377 .
1096 1386 1111 1399 ,,

58 1422 202 1511 ,patres-
216 1426 367 1483 nnmero
391 1432 464 1483 non
483 1410 608 1504 pauci,
633 1408 669 1483 dr
688 1409 970 1484 Christianorum

58 1508 279 1583 tomen-roi
309 1511 465 1605 'primum
496 1524 663 1583 exortum
689 1509 748 1583 est.
823 1508 901 1583 Sub
931 1508 970 1583 id
1028 1516 1034 1531 '
1126 1524 1147 1593 ’,

58 1614 205 1704 bmpus
231 1606 383 1702 Agabus
413 1607 560 1704 quidam
588 1632 682 1683 unus
707 1632 753 1681 ex
777 1608 969 1704 Prophetis
1037 1656 1050 1675 κ
1146 1606 1155 1621 “

58 1708 196 1783 'amem
228 1706 389 1783 suturam
422 1708 592 1805 praedixit
608 1720 623 1780 z*
663 1708 797 1782 Paulus
820 1731 905 1782 vero
930 1707 969 1784 dr

58 1806 530 1904 3arnabasHierosolymas
548 1806 711 1881 destinati
724 1807 814 1894 sunt,
837 1819 879 1882 ut
896 1806 969 1885 sra-

58 1912 158 2009 ¹{tun
176 1909 364 2006 penuriam
383 1907 444 1983 suo
457 1906 652 1982 ministerio
672 1906 909 1989 sublevarent.
1014 2004 1019 2025 ι

67 2034 79 2063 A

58 2096 137 2201 j'g.
167 2104 334 2192 „interea
358 2104 523 2180 Tiberius
550 2110 631 2188 'curn
659 2103 802 2178 duobus
825 2104 968 2178 circiter
987 2099 1077 2199 Cale?

58 2202 98 2293 Ιο
119 2205 250 2301 viginti
270 2205 376 2278 annis
400 2205 620 2301 imperasset.
647 2204 850 2278 extremum
869 2186 1137 2287 diemslg'lll'l'

58 2303 130 2377 tiit.
184 2303 254 2378 Cui
284 2303 477 2378 succedens
507 2304 617 2400 Cajus
643 2303 780 2402 judeae
814 2325 964 2396 regnum
983 2271 1111 2388 (Μῶα

58 2398 180 2501 statim·
196 2402 344 2477 tradidit
356 2403 545 2500 Agrippae,
572 2405 608 2478 dr
625 2426 746 2498 regem
766 2403 868 2477 illum
887 2419 966 2479 tum
981 2378 1111 2504 appetem

58 2496 267 2599 lnPhilippi
289 2517 368 2576 tum
390 2506 426 2577 in
444 2503 609 2599 Lysaniae
626 2501 820 2576 tetrarchia
839 2502 963 2577 conili-
1000 2514 1136 2611 ΜΗ(
1190 2540 1196 2555 ·

58 2600 147 2688 luit,
178 2626 245 2675 nec
267 2603 384 2676 multo
404 2602 479 2697 poll
496 2605 653 2676 Herodis
670 2626 813 2695 quoque
838 2614 966 2675 tetrnr·

104 2703 177 2775 iam
201 2702 320 2776 eidem
343 2703 511 2786 donavit,
538 2727 619 2776 cum
639 2703 823 2776 Herodem
843 2725 967 2797 perpe·

75 2801 250 2875 'oexilio
268 2802 484 2888 damnasset,
510 2827 581 2875 una
608 2826 692 2876 cum
716 2824 831 2875 uxore
846 2802 966 2874 Hero·
1082 2838 1086 2843 ·

83 2899 174 2974 lade.
222 2899 341 2996 Hujus
360 2902 588 2997 lmperatoris
607 2903 828 2996 temporibus
845 2900 968 2975 lloruit

91 3000 162 3073 hilo
178 2999 357 3074 Hebraeus
377 3003 535 3097 origine.
562 3003 748 3097 splendore
762 3003 906 3096 generis
922 3024 965 3075 ac
981 3010 1115 3076 Plutonis

98 3099 234 3194 gnitate
250 3100 339 3173 nulli
356 3104 452 3195 apud
467 3102 730 3176 Alexandriam
748 3101 963 3187 concedens,
980 3097 1089 3182 segario
1141 3180 1144 3187 .

63 3208 89 3237 ·’
124 3197 259 3271 divinis
283 3199 320 3273 dr
343 3204 469 3293 patriis
492 3201 707 3294 disciplinis,
742 3200 963 3272 humaniori·
1002 3203 1064 3267 ΜΡ·
1077 3205 1108 3267 5·

142 3296 299 3377 litteris,
327 3320 369 3371 ac
390 3299 617 3395 Philosophia
637 3299 824 3374 Platonica
840 3299 876 3372 dr
893 3299 964 3394 Py-

77 3397 244 3490 ,agorica
262 3397 447 3487 eruditus,
469 3401 530 3496 qui
548 3411 636 3494 quot
652 3399 880 3473 calamitates
897 3400 965 3471 im·
1024 3454 1027 3459 .

58 3511 205 3601 perante
225 3495 313 3592 Cajo
327 3495 463 3592 Jndreis
482 3500 719 3592 contigerint.
746 3500 904 3595 quinque
923 3499 963 3570 li·

58 3586 126 3677 tlris
145 3595 360 3690 complexus
377 3596 445 3682 est,
471 3597 508 3673 dr
527 3599 710 3696 quomodo
731 3598 803 3694 ipse
818 3621 882 3693 pro
900 3620 963 3690 po·
1142 3646 1145 3651 -

58 3693 239 3789 pularibus
274 3694 511 3775 Alexandriae
550 3698 765 3794 degentibus
797 3698 836 3773 in
873 3697 963 3770 urbe
1083 3697 1085 3701 ’

858 3796 962 3907 „Ro-
