2422 4350
201 154 850 348 adcommodatum.
889 183 1035 353 'uz'

84 411 224 493 idioma
247 412 356 515 ipfiua
384 412 522 491 indicat
550 414 725 495 Servatur
751 440 887 497 vocans
911 440 997 501 eum
1089 510 1092 519 ,

84 510 335 605 Paracletum,
357 533 442 591 cum
458 516 556 591 enim
581 515 619 593 dr
635 516 826 614 Angelicae
842 521 996 618 potesta·
1142 566 1145 573 ·

84 628 143 691 tea
167 612 312 713 spiritur
330 611 411 702 iint,
437 614 562 691 nullus
584 628 709 692 tamen
724 618 871 695 illorum
895 617 915 692 s
933 620 995 697 iri·
1103 634 1106 641 “

85 714 141 791 tui
154 713 344 791 Paracleto
358 711 606 811 adaequandus
623 715 684 802 est,
701 718 798 793 unde
814 718 877 793 ille
896 644 1003 797 sglus'
1066 712 1074 745 ”

84 812 242 913 Spiritus
273 808 493 889 Sanitiffima
518 810 695 890 Trinitate
718 818 994 915 comprehendi·

85 924 158 1005 rur,
173 932 288 1009 neque
303 912 410 989 aliter
425 914 598 990 Servator
613 938 697 989 cum
715 916 923 1013 mysterium
936 939 994 995 re·
1024 978 1027 983 ,
1166 990 1173 1003 ,

85 1008 327 1109 ,gmerationis
350 1012 480 1110 inipso
497 1010 680 1111 Apostolis
697 1015 888 1092 mandaret
904 1041 995 1114 gen·

85 1112 183 1207 ,tibur
204 1111 393 1187 credituris
407 1112 698 1189 annuntiandum
709 1112 872 1201 tradidit,
882 1138 993 1211 quam

85 1224 133 1305 ,ut
151 1208 375 1307 baptizarent
397 1213 436 1288 in
459 1212 608 1288 nomine
630 1208 749 1289 Patris
778 1212 817 1289 dr
843 1212 925 1291 Filii
951 1214 992 1293 dr
1054 1206 1059 1223 ’

85 1306 240 1409 ῥιίιιιιιε
255 1307 388 1392 Saafti.
460 1309 614 1389 sanstus
631 1334 718 1408 ergo
734 1312 891 1410 Spiritus
912 1315 993 1391 ian·

85 1408 160 1501 ,boa
183 1407 279 1484 solus
305 1408 512 1486 inhabitans
539 1433 601 1510 per
624 1410 756 1487 Filium
786 1414 992 1528 impertitur

85 1511 144 1601 ,ia
168 1530 259 1606 quoa
275 1506 384 1583 Pater
398 1509 662 1607 approbaverit.
688 1504 790 1608 Opus
813 1534 892 1610 epus
907 1534 993 1611 pro·

85 1606 201 1709 ,prium
215 1607 267 1682 est
283 1602 498 1685 irnttiiicare
521 1633 664 1698 omnes,
687 1612 818 1706 quibua
842 1610 993 1710 ungulis

86 1728 195 1797 unum
213 1706 264 1782 ali
288 1705 388 1797 uod,
412 1704 473 1783 vel
488 1709 592 1808 plura
616 1710 800 1787 interdum
818 1707 881 1788 sua
902 1710 991 1788 cha·

86 1807 275 1891 minatae
354 1807 437 1882 tur.
516 1826 520 1835 ·
809 1832 813 1847 ·

86 1966 169 2045 doru.
199 1968 439 2124 Eusebimost
453 1972 523 2039 bac
544 1970 684 2057 subjicit,
711 1972 823 2046 Filium
841 1972 993 2077 Spiritu·

134 2054 312 2127 scudbumsr
402 2059 518 2144 reliqua
537 2057 668 2125 vifibilir
685 2057 721 2125 dr
736 2060 898 2126 iaviiibilrr
914 2078 992 2145 pro·

133 2142 284 2209 duxisset
319 2144 364 2208 rit
380 2145 458 2209 item
476 2145 561 2227 quod
585 2143 716 2227 Spiritus
731 2138 852 2210 ranae·
872 2164 938 2208 non
951 2142 990 2209 dt

132 2229 246 2305 Deus,
275 2228 347 2312 quia
375 2240 442 2293 non
470 2230 509 2292 de
532 2227 621 2293 Patre
642 2226 766 2312 geneiin
787 2230 922 2315 accepit,
953 2227 991 2292 dt

132 2332 221 2378 unua
235 2334 278 2376 ex
291 2332 405 2377 eorum
427 2312 519 2377 ceusu
534 2311 589 2388 est,
609 2314 663 2395 qui
678 2334 732 2397 per
747 2313 857 2378 Filium
872 2313 991 2377 conde·

133 2400 261 2547 gantur.
323 2396 406 2475 Qoae
422 2399 530 2463 omnir
547 2396 618 2463 sunt
633 2408 744 2462 coutn
765 2396 859 2463 fidem
872 2397 991 2462 Catho-

157 2502 241 2549 Μ
1008 2528 1012 2537 .

87 2692 697 2896 ,erint
708 2694 989 2875 ιιιιιιιι
1003 2694 1177 2885 id

87 2894 169 2986 Dei,
192 2916 277 2973 cum
297 2908 442 2985 tamen,
467 2897 566 2995 quod
582 2916 655 2991 non
672 2897 849 2983 obierunt,
872 2868 1174 2972 forma‘mfim‘

87 2991 295 3086 masculina,
316 2999 394 3092 qui,
418 2994 457 3072 dr
472 3018 546 3072 non
566 3022 638 3092 quo
658 2994 708 3071 est
724 2999 846 3098 imago
862 2992 992 3073 effera·

87 3108 160 3185 tur:
187 3095 282 3172 iilud
299 3116 461 3193 quoque:
480 3092 553 3195 Ipse
569 3096 610 3195 est
626 3106 700 3170 aare
716 3098 838 3184 onmia,
853 3095 900 3170 de
913 3111 993 3170 car·

87 3221 131 3282 aa
148 3197 281 3271 didbrm
295 3196 367 3282 ait,
390 3219 506 3291 neque
521 3196 650 3292 puduit
666 3214 750 3272 eum
766 3195 898 3282 dicere,
913 3191 994 3292 ipse,

87 3288 132 3385 ,de
153 3316 272 3371 carne.
321 3290 413 3409 'Sed
429 3288 632 3394 &propter
654 3312 799 3370 carnem
816 3292 994 3369 universe

87 3408 259 3483 ,creaturae
279 3395 560 3490 primogenitum
575 3408 748 3469 vocatum
764 3394 828 3481 ait,
856 3415 923 3467 nec
936 3412 995 3466 re·

88 3486 177 3591 sugit
197 3494 331 3581 dicere,
355 3495 530 3583 thronos,
556 3490 837 3577 dominationes,
863 3489 995 3588 princi·
1112 3530 1117 3537 ·
1143 3534 1149 3541 ·

88 3609 210 3693 prmo,
236 3592 428 3692 potestates
446 3612 509 3691 per
530 3592 731 3691 &propter
750 3602 895 3666 carnem
910 3591 996 3664 Ser-

88 3694 222 3781 ,tatoris
245 3695 467 3769 creationem
493 3691 593 3768 suam
614 3693 653 3770 in
667 3690 809 3773 Christo
827 3686 997 3765 consecu-

104 3804 227 3874 Scirom
235 3803 381 3893 Aaaipsu
395 3802 578 3874 reamur.
734 3782 775 3867 M
831 3812 834 3816 ·
895 3799 995 3883 „tur-
