2422 4350
83 374 86 381 ,
176 262 182 271 ’
312 250 447 407 '570'-
561 285 711 405 susem
743 206 981 403 sennenn

312 476 377 575 „in
401 473 515 561 hauc,
554 473 648 549 alius
672 449 709 548 iu
733 473 835 548 illam
858 484 1000 570 portem
1027 471 1101 550 diso

311 588 426 669 „tunc
447 573 603 650 eximius
619 573 788 671 Princeps
801 571 958 649 illorum
980 575 1101 671 quidet

310 676 490 768 „ditatem
528 672 739 759 damnavit,
782 672 851 746 hos
886 694 972 749 vero
999 674 1047 747 ob
1073 675 1101 748 dt

309 772 487 862 „Numini
515 769 768 847 conscientiam
801 793 1022 868 magnopere
1051 795 1101 869 prr

308 872 419 964 „illos
447 883 633 967 tamquam
660 869 728 945 Dei
756 871 955 968 proditores
989 895 1036 946 ne
1065 872 1101 947 Pr

251 998 256 1021 ¹
307 972 482 1069 „quidem
497 969 662 1066 obsequio
679 969 809 1066 dignos
827 967 1023 1067 judicavit:
1049 994 1101 1045 nat

305 1071 465 1161 „modo,
496 1069 632 1165 inquit,
662 1068 771 1147 iidem
797 1091 881 1166 erga
904 1069 1101 1166 Principem

303 1168 503 1261 „seruaturi
526 1169 625 1256 suut,
663 1169 725 1266 qui
758 1192 844 1266 erga
861 1168 989 1245 ueum
1013 1167 1101 1266 perii

303 1267 658 1366 „deprehenduntur
733 1268 858 1364 Itaque
885 1265 1066 1365 ejusmodi
1091 1291 1101 1343 t

90 1436 93 1449 .
192 1468 197 1483 Ι
304 1368 439 1464 „regiis
456 1368 596 1444 aedibus
613 1366 739 1466 procul
757 1367 978 1464 ablegandos
998 1365 1067 1442 eise
1086 1391 1101 1444 e

125 1563 282 1654 Constantii
379 1570 413 1643 ὑ.
441 1563 687 1664 „Huiusmodi
702 1562 771 1640 fnit
788 1563 1008 1641 Constantini
1027 1577 1101 1663 patr

121 1671 267 1801 ’Ἤθῖ-
306 1664 516 1763 „postquam
552 1688 667 1741 unum
708 1663 886 1740 summum
917 1664 1082 1740 omnium

36 1770 42 1786 ‘
108 1754 194 1906 ’ᾗ
217 1758 262 1801 ”·
304 1764 526 1860 „agnoscens
543 1764 730 1862 reliquum
756 1763 843 1838 vitae
866 1776 1012 1862 tempus
1039 1778 1101 1840 trai

110 1888 113 1892 .
141 1922 206 1993 m·
219 1927 269 1977 n·
301 1862 567 1954 „summanum
584 1862 697 1960 gioria
715 1861 865 1958 exegiffe
880 1863 1033 1950 dicitur,
1058 1863 1094 1939 ἃ

200 2039 207 2065 ,
301 1987 411 2059 „gem
427 1961 526 2038 suam
553 1986 596 2038 oc
614 1964 748 2038 liberos
774 1985 856 2038 cum
880 1963 1050 2038 omuibus
1064 1987 1100 2038 m

299 2065 390 2153 „uni
424 2063 587 2138 omnium
614 2063 706 2158 Regi
734 2061 812 2136 Deo
847 2061 1086 2138 consecrauit:

120 2174 258 2262 coostan-
300 2159 437 2253 ,etiam
454 2186 526 2237 non
542 2162 605 2237 diu
620 2161 694 2260 post
708 2161 910 2237 mercedem
926 2185 949 2237 a
969 2162 1050 2236 Deo
1067 2161 1101 2235 ei

115 2263 178 2326 tius
186 2261 256 2326 Au·
299 2260 489 2352 „seeutus,
517 2263 569 2337 ito
592 2276 634 2337 ut
649 2262 803 2360 primum
824 2261 965 2360 imperii
985 2262 1101 2336 iocum

115 2346 218 2429 gustos
298 2374 438 2452 „neren
489 2358 584 2436 Nam
605 2384 688 2437 cum
707 2360 874 2435 Seniores
890 2358 1044 2457 Augusti
1061 2382 1100 2458 pr

93 2448 228 2578 ,aim
298 2460 399 2558 „post
415 2457 654 2537 Ecclesinmm
673 2457 888 2542 eversionem
907 2483 1004 2534 anuo
1022 2459 1101 2556 imp

134 2537 259 2682 ,ἔχει
297 2557 560 2650 „nbdicuiient‚
584 2558 680 2636 folus
696 2558 923 2643 Constantius
942 2560 1101 2657 primosi

120 2692 123 2699 ·
296 2656 396 2749 „iius
410 2657 636 2735 renuntiatus
653 2657 711 2734 est.
762 2656 836 2734 Sed
851 2656 1101 2733 &numerosae

295 2757 369 2849 „lis
400 2755 785 2856 praestantioreliquos
814 2757 1054 2852 Imperatores
1083 2756 1101 2831 fi

163 2885 167 2889 ·
293 2856 384 2946 „vit
437 2856 600 2953 Denique
622 2858 660 2933 in
684 2870 847 2931 extrema
869 2855 1046 2931 seneftute
1064 2854 1100 2930 fil

293 2953 426 3052 „ipsius
460 2970 547 3030 natu
577 2957 759 3032 maximus
781 2953 930 3053 jamjam
965 2955 1101 3032 moritu

243 3152 246 3163 Ι
291 3055 566 3152 „capessendum
586 3057 776 3154 imperium
797 3054 922 3157 praeiio
940 3065 1030 3132 erat

110 3258 270 3346 austum-
362 3271 402 3350 ’μ
424 3250 590 3348 „Quippe
607 3250 666 3327 hic
684 3249 936 3326 Constantinus
952 3273 1026 3326 una
1049 3271 1101 3325 cut

106 3364 246 3447 “uptun
291 3351 542 3445 „peratoribus
554 3351 780 3425 Diocletiano
803 3349 1008 3426 &Galerio
1028 3363 1101 3447 patr

106 3428 467 3545 1²20f¹2²1e„001ng1s
491 3449 715 3535 versabatur,
741 3449 778 3525 u
792 3447 868 3545 jam
885 3448 1099 3524 adolescenti

105 3516 264 3683 xpm
287 3569 383 3635 „nos
414 3549 584 3644 ingreiius
617 3549 757 3626 summo
786 3548 881 3642 apud
914 3572 978 3623 eos
1010 3548 1049 3622 in
1080 3547 1101 3620 h

29 3642 43 3721 ⁸,
103 3686 185 3750 oeno
287 3660 412 3735 „eram
436 3647 639 3747 cujusmodi
661 3671 745 3724 eum
762 3647 941 3733 vidimus,
964 3670 1050 3721 curn
1068 3669 1101 3743 pr

122 3783 187 3853 rap.
201 3785 249 3852 ¹⁹·
286 3745 485 3837 „laetumm
507 3745 671 3869 monstret
691 3766 774 3825 cum
790 3745 1039 3839 Diocletiano,
1066 3746 1101 3822 ui
