2422 4350
244 249 329 351 578
502 227 654 350 Earsebii
677 141 919 350 besurieufis

186 425 203 477 ss'
246 431 331 513 „tes
343 417 412 495 Dei
431 415 551 494 secum
563 419 687 512 duxit,
716 440 781 493 eos
802 417 905 495 velut
924 413 1086 516 optimos
1099 418 1165 495 aui·

105 542 108 549 ’
134 536 137 544 ·
245 541 346 613 „mae
370 517 532 594 custodes
553 519 780 607 existimaus,
804 541 889 595 cum
912 529 1066 592 econtra
1082 517 1165 597 Lici·

116 670 122 681 ·
153 620 159 647 ¹
244 620 356 711 „nius
379 632 483 694 vates
506 617 760 716 AEgyptiorum
783 615 822 694 dr
840 615 1063 693 sacrificulos
1080 618 1165 692 deu·

245 739 353 810 „rum
379 715 443 792 fibi
469 717 654 814 adjunxit,
694 741 740 791 ex
766 719 896 814 quibus
919 715 1014 793 belli
1040 716 1165 795 exitum

197 886 200 893 .
244 815 530 907 „sciscitabatur,
554 839 706 914 quorum
728 815 919 892 fallacibus
944 813 1165 914 pollicitatio·

25 958 33 966 -
245 915 380 1007 „nibus
402 915 550 990 inflatus
579 916 616 991 se
644 917 690 992 ad
715 939 874 1012 pugnam
894 914 1098 1010 ineundam
1124 913 1164 991 iu·

40 1073 43 1080 ,
102 1030 209 1102 W·
245 1013 408 1107 „struxit
458 1014 624 1111 Cumque
648 1014 785 1091 bellum
802 1014 879 1116 jam
894 1015 1051 1089 'orsurus
1075 1012 1163 1105 effer,
1197 1032 1198 1040 ’

135 1144 137 1150 ’
244 1112 406 1206 „lucum
425 1134 578 1210 opacum
602 1113 752 1190 deorum
768 1114 898 1203 ¹statuis
923 1125 1101 1188 ornatum
1118 1135 1163 1209 pe·

245 1213 347 1304 ‚,tiit‚
372 1213 502 1309 quibus
526 1236 608 1288 cum
627 1211 866 1304 sacrificalset,
891 1212 930 1288 dc
945 1212 1087 1301 milites
1099 1211 1163 1288 suus

244 1313 316 1403 „ad
332 1334 490 1408 pugnam
505 1312 709 1402 animasset,
729 1312 843 1411 jussit,
867 1325 908 1388 ut
928 1311 1100 1407 praelium
1110 1311 1162 1387 iui-

97 1409 209 1499 σιμά
243 1422 359 1504 „rent
412 1412 502 1498 Qu'ae
527 1411 614 1488 dum
634 1426 828 1508 geruntur,
861 1410 1041 1508 spestrum
1066 1411 1163 1507 quud·

243 1509 355 1602 „dam
370 1508 535 1585 mirabile
554 1511 593 1586 iu
607 1511 756 1588 urbibus
772 1512 912 1587 Licinio
929 1507 1098 1607 subjestis
1113 1533 1162 1607 ap-

244 1606 419 1705 „p'aruilse
440 1611 583 1698 ferunt,
608 1611 707 1686 varia
734 1612 832 1686 enim
856 1608 1087 1687 Constantini
1109 1611 1163 1686 mi·

242 1709 375 1800 „litum
395 1711 540 1804 agmina
562 1731 626 1806 per
645 1710 832 1787 meridiem
849 1709 944 1798 uisa,
970 1728 1061 1805 quae
1085 1719 1163 1785 tam·

64 1890 67 1897 ,
148 1892 151 1897 ,
218 1831 379 1905 ·‚‚quam
411 1819 514 1905 parta
535 1809 692 1917 'vitteria
732 1832 795 1907 per
827 1812 937 1884 urbes
972 1805 1165 1887 tranunt

241 1908 381 1999 „Porro
404 1931 490 1984 cum
514 1913 695 1984 exercitus
717 1909 886 2005 congredi
907 1907 987 2006 jam
1014 1921 1165 2005 pararet,

241 2007 429 2098 „Licinius
453 2008 591 2105 primus
614 2032 771 2105 pugnam
798 2008 945 2082 exorsus
969 2007 1045 2094 est,
1079 2009 1166 2083 Cou-

239 2104 442 2197 „stantinus
465 2128 551 2182 vero
577 2107 655 2183 Deo
679 2109 717 2183 in
741 2107 918 2183 auxilium
942 2118 1081 2197 vocato
1109 2105 1165 2182 ho-

238 2204 335 2295 „stes
351 2206 466 2300 primo
486 2206 610 2303 praelio
628 2207 742 2282 fudit:
765 2230 831 2282 nec
847 2206 968 2282 multo
992 2204 1071 2302 post
1084 2205 1165 2280 alte·

184 2312 187 2317 ’
238 2325 307 2396 „ra
324 2304 505 2380 commissa
528 2329 646 2402 pugna
666 2306 772 2401 longe
788 2306 965 2402 majorem
985 2304 1163 2401 vitioriam

238 2403 409 2495 „retulit,
434 2426 518 2481 cum
540 2403 693 2480 salutare
709 2406 824 2480 crucis
841 2405 1053 2503 trophaeum
1070 2426 1165 2479 exer·
1195 2476 1198 2487 ,

96 2512 203 2587 «ΛΜ.
237 2503 377 2592 „citum
406 2500 513 2598 ipsius
538 2505 793 2579 antecederet:
835 2520 932 2580 certe
964 2504 1161 2600 ubicunque
1190 2498 1198 2531 ⁹

238 2601 334 2692 „huc
354 2599 490 2695 fignum
513 2602 736 2698 conspetium
754 2602 891 2693 fuerat,
916 2605 1095 2691 continuo
1113 2601 1157 2683 su

105 2780 117 2807 l
216 2723 310 2793 ffl‚,ga
330 2698 481 2775 hostium
504 2700 696 2793 visturibus
716 2717 817 2799 terga
839 2704 987 2777 illorum
1006 2725 1153 2799 premeu·

94 2817 160 2887 rap.
170 2813 201 2878 8.
237 2800 361 2890 ,tibus
384 2797 607 2894 sequebatur.
658 2802 776 2895 Quare
804 2803 1070 2898 quinquaginta
1100 2802 1182 2887 uiri¹

235 2896 364 2990 „elesii
385 2897 485 2984 sunt,
518 2921 670 2994 quorum
695 2900 836 2975 nullum
862 2901 963 2974 aliud
987 2913 1068 2975 erat
1090 2898 1149 2975 offi-

232 2997 354 3086 „cium
378 3019 486 3092 quam
505 2998 786 3074 circumstare&
806 2999 981 3073 custodire
1004 2999 1148 3095 sgnum.
1181 3032 1187 3055 ··

233 3095 357 3189 „quod
381 3094 507 3189 singuli
540 3098 699 3173 humeris
724 3095 793 3172 suis
819 3098 1030 3175 alternatim
1055 3098 1149 3193 gelia-

82 3190 88 3201 '
185 3255 187 3259 ,
233 3195 364 3283 „bautz
394 3195 456 3269 ubi
472 3216 531 3268 res
546 3208 748 3271 memoratu
767 3195 965 3291 diguiffima
990 3197 1148 3292 contigit:
1185 3240 1188 3291 ·.

87 3319 152 3390 cap.
165 3320 196 3389 9.
232 3316 344 3385 „nam
361 3314 448 3366 cum
460 3292 554 3368 sorte
576 3296 670 3369 inter
682 3294 915 3391 pugnandum
931 3297 1063 3391 iugens
1077 3295 1148 3371 stre·

230 3391 353 3485 ‚'‚pitus
394 3392 593 3468 exercitum
631 3393 890 3482 conturbasset,
930 3395 963 3469 is
995 3395 1059 3490 qui
1088 3395 1149 3471 huc

228 3489 393 3582 „fignum
416 3488 576 3566 humeris
601 3491 759 3583 serebat,
781 3506 882 3568 metu
905 3492 1089 3585 perculsus
1103 3492 1148 3568 al·

226 3588 321 3679 „teri
346 3588 553 3684 gestandum
584 3592 751 3678 tradidit,
793 3603 836 3668 ut
863 3591 937 3689 ipse
969 3591 1149 3669 discrimen
1188 3633 1198 3675 :

223 3687 432 3779 „evaderet
485 3688 558 3772 Vix
581 3688 674 3768 alter
699 3689 840 3791 bguum
865 3689 1078 3788 gestandum
1086 3691 1166 3866 ssu-¹
1186 3682 1198 3763 “.

81 3840 89 3901 r
798 3897 802 3901 ,
849 3828 852 3837 “
958 3818 960 3823 ’
1057 3842 1084 3885 ¹2
1097 3814 1151 3868 ⁶⁶·

170 4041 196 4089 l
