<?xml version="1.0" encoding="UTF-8"?>
<!DOCTYPE html PUBLIC "-//W3C//DTD XHTML 1.0 Transitional//EN"
    "http://www.w3.org/TR/xhtml1/DTD/xhtml1-transitional.dtd">
<html xmlns="http://www.w3.org/1999/xhtml" xml:lang="en" lang="en">
 <head>
  <title>
</title>
<meta http-equiv="Content-Type" content="text/html;charset=utf-8" />
  <meta name='ocr-system' content='tesseract 3.04.00' />
  <meta name='ocr-capabilities' content='ocr_page ocr_carea ocr_par ocr_line ocrx_word'/>
</head>
<body>
  <div class='ocr_page' id='page_1' title='image "./analysisoperums04schrgoog/analysisoperums04schrgoog_0498.png"; bbox 0 0 2422 4350; ppageno 0'>
   <div class='ocr_carea' id='block_1_1' title="bbox 306 176 1045 371">
    <p class='ocr_par' dir='ltr' id='par_1_1' title="bbox 287 176 1045 371">
     <span class='ocr_line' id='line_1_1' title="bbox 306 176 1045 371; baseline 0.018 -32.649"><span class='ocrx_word' id='word_1_1' title='bbox 306 249 490 371; x_wconf 65' lang='lat' dir='ltr'>rnpma</span> <span class='ocrx_word' id='word_1_2' title='bbox 499 247 638 367; x_wconf 64' lang='lat' dir='ltr'>aaa</span> <span class='ocrx_word' id='word_1_3' title='bbox 651 236 865 341; x_wconf 68' lang='lat' dir='ltr'>,·ranrr.&#39;</span> <span class='ocrx_word' id='word_1_4' title='bbox 956 176 1045 365; x_wconf 67' lang='lat' dir='ltr'>nus</span> 
     </span>
    </p>
   </div>
   <div class='ocr_carea' id='block_1_2' title="bbox 107 416 1210 634">
    <p class='ocr_par' dir='ltr' id='par_1_2' title="bbox 107 416 1210 634">
     <span class='ocr_line' id='line_1_2' title="bbox 109 416 1183 535; baseline 0.001 -22"><span class='ocrx_word' id='word_1_5' title='bbox 109 445 218 526; x_wconf 82' lang='lat' dir='ltr'>„tum</span> <span class='ocrx_word' id='word_1_6' title='bbox 254 435 317 513; x_wconf 87' lang='lat' dir='ltr'>fibi</span> <span class='ocrx_word' id='word_1_7' title='bbox 346 438 537 535; x_wconf 88' lang='lat' dir='ltr'>imperium</span> <span class='ocrx_word' id='word_1_8' title='bbox 566 416 654 535; x_wconf 31' lang='lat' dir='ltr'>jam*</span> <span class='ocrx_word' id='word_1_9' title='bbox 671 436 812 512; x_wconf 86' lang='lat' dir='ltr'>videns.</span> <span class='ocrx_word' id='word_1_10' title='bbox 831 435 878 513; x_wconf 85' lang='lat' dir='ltr'>ad</span> <span class='ocrx_word' id='word_1_11' title='bbox 910 436 1042 535; x_wconf 87' lang='lat' dir='ltr'>impius</span> <span class='ocrx_word' id='word_1_12' title='bbox 1060 450 1183 534; x_wconf 79' lang='lat' dir='ltr'>Marty-</span> 
     </span>
     <span class='ocr_line' id='line_1_3' title="bbox 107 532 1210 634; baseline -0.002 -23"><span class='ocrx_word' id='word_1_13' title='bbox 107 535 239 626; x_wconf 75' lang='lat' dir='ltr'>„atius</span> <span class='ocrx_word' id='word_1_14' title='bbox 263 537 447 634; x_wconf 82' lang='lat' dir='ltr'>prolapsus</span> <span class='ocrx_word' id='word_1_15' title='bbox 476 538 588 634; x_wconf 86' lang='lat' dir='ltr'>ipsum</span> <span class='ocrx_word' id='word_1_16' title='bbox 611 559 752 633; x_wconf 89' lang='lat' dir='ltr'>quoque</span> <span class='ocrx_word' id='word_1_17' title='bbox 776 536 852 612; x_wconf 84' lang='lat' dir='ltr'>veri</span> <span class='ocrx_word' id='word_1_18' title='bbox 875 536 1042 613; x_wconf 84' lang='lat' dir='ltr'>Numinis</span> <span class='ocrx_word' id='word_1_19' title='bbox 1059 538 1141 599; x_wconf 74' lang='lat' dir='ltr'>rrum</span> <span class='ocrx_word' id='word_1_20' title='bbox 1156 532 1210 599; x_wconf 86' lang='lat' dir='ltr'>SS</span> 
     </span>
    </p>
   </div>
   <div class='ocr_carea' id='block_1_3' title="bbox 110 616 1199 769">
    <p class='ocr_par' dir='ltr' id='par_1_3' title="bbox 110 616 1199 769">
     <span class='ocr_line' id='line_1_4' title="bbox 110 616 1199 769; baseline -0.018 -44"><span class='ocrx_word' id='word_1_21' title='bbox 110 636 281 725; x_wconf 64' lang='lat' dir='ltr'>»cultum</span> <span class='ocrx_word' id='word_1_22' title='bbox 309 659 515 734; x_wconf 82' lang='lat' dir='ltr'>oppugnare</span> <span class='ocrx_word' id='word_1_23' title='bbox 541 637 711 722; x_wconf 86' lang='lat' dir='ltr'>instituit,</span> <span class='ocrx_word' id='word_1_24' title='bbox 753 635 792 713; x_wconf 77' lang='grc' dir='ltr'>δι</span> <span class='ocrx_word' id='word_1_25' title='bbox 817 637 953 732; x_wconf 88' lang='lat' dir='ltr'>primus</span> <span class='ocrx_word' id='word_1_26' title='bbox 970 636 1043 711; x_wconf 88' lang='lat' dir='ltr'>Ro·</span> <span class='ocrx_word' id='word_1_27' title='bbox 1058 616 1199 769; x_wconf 50' lang='lat' dir='ltr'>mi&amp;</span> 
     </span>
    </p>
   </div>
   <div class='ocr_carea' id='block_1_4' title="bbox 64 734 1208 874">
    <p class='ocr_par' dir='ltr' id='par_1_4' title="bbox 64 734 1208 874">
     <span class='ocr_line' id='line_1_5' title="bbox 64 734 1208 874; baseline -0.006 -64"><span class='ocrx_word' id='word_1_28' title='bbox 64 784 67 789; x_wconf 94' lang='lat'>-</span> <span class='ocrx_word' id='word_1_29' title='bbox 109 758 327 824; x_wconf 88' lang='lat' dir='ltr'>„manorum</span> <span class='ocrx_word' id='word_1_30' title='bbox 345 738 605 832; x_wconf 84' lang='lat' dir='ltr'>imperatorum</span> <span class='ocrx_word' id='word_1_31' title='bbox 622 734 730 810; x_wconf 86' lang='lat' dir='ltr'>hostis</span> <span class='ocrx_word' id='word_1_32' title='bbox 745 734 954 811; x_wconf 85' lang='lat' dir='ltr'>Christianae</span> <span class='ocrx_word' id='word_1_33' title='bbox 970 736 1042 810; x_wconf 88' lang='lat' dir='ltr'>Re·</span> <span class='ocrx_word' id='word_1_34' title='bbox 1075 791 1208 874; x_wconf 39' lang='lat' dir='ltr'>cums..</span> 
     </span>
    </p>
   </div>
   <div class='ocr_carea' id='block_1_5' title="bbox 64 830 1190 2917">
    <p class='ocr_par' dir='ltr' id='par_1_5' title="bbox 64 830 1186 1130">
     <span class='ocr_line' id='line_1_6' title="bbox 64 830 1043 932; baseline 0.002 -26"><span class='ocrx_word' id='word_1_35' title='bbox 64 868 77 915; x_wconf 89' lang='grc'>;</span> <span class='ocrx_word' id='word_1_36' title='bbox 106 830 284 929; x_wconf 85' lang='lat' dir='ltr'>„ligionis</span> <span class='ocrx_word' id='word_1_37' title='bbox 298 833 398 909; x_wconf 86' lang='lat' dir='ltr'>fuisse</span> <span class='ocrx_word' id='word_1_38' title='bbox 417 836 566 910; x_wconf 87' lang='lat' dir='ltr'>dicitur:</span> <span class='ocrx_word' id='word_1_39' title='bbox 590 833 694 932; x_wconf 89' lang='lat' dir='ltr'>cujus</span> <span class='ocrx_word' id='word_1_40' title='bbox 708 836 761 909; x_wconf 92' lang='lat' dir='ltr'>rei</span> <span class='ocrx_word' id='word_1_41' title='bbox 777 837 887 910; x_wconf 88' lang='lat' dir='ltr'>etiam</span> <span class='ocrx_word' id='word_1_42' title='bbox 901 835 1043 910; x_wconf 85' lang='lat' dir='ltr'>Tertul-</span> 
     </span>
     <span class='ocr_line' id='line_1_7' title="bbox 64 932 1186 1034; baseline -0.004 -21"><span class='ocrx_word' id='word_1_43' title='bbox 64 984 74 1013; x_wconf 89' lang='lat'>-.</span> <span class='ocrx_word' id='word_1_44' title='bbox 104 934 258 1023; x_wconf 88' lang='lat' dir='ltr'>„iianus</span> <span class='ocrx_word' id='word_1_45' title='bbox 278 934 443 1010; x_wconf 86' lang='lat' dir='ltr'>meminit</span> <span class='ocrx_word' id='word_1_46' title='bbox 469 932 566 1034; x_wconf 77' lang='lat' dir='ltr'>(conr.</span> <span class='ocrx_word' id='word_1_47' title='bbox 585 959 619 1028; x_wconf 85' lang='lat'>3.</span> <span class='ocrx_word' id='word_1_48' title='bbox 644 933 751 1021; x_wconf 76' lang='lat' dir='ltr'>Anol.</span> <span class='ocrx_word' id='word_1_49' title='bbox 766 960 803 1032; x_wconf 80' lang='lat' dir='ltr'>p.</span> <span class='ocrx_word' id='word_1_50' title='bbox 826 940 880 1009; x_wconf 81' lang='lat'>16.</span> <span class='ocrx_word' id='word_1_51' title='bbox 905 961 938 1009; x_wconf 86' lang='lat' dir='ltr'>n.</span> <span class='ocrx_word' id='word_1_52' title='bbox 964 933 1041 1033; x_wconf 86' lang='lat'><em>12.)</em></span> <span class='ocrx_word' id='word_1_53' title='bbox 1180 966 1186 984; x_wconf 73' lang='lat'><em>,</em></span> 
     </span>
     <span class='ocr_line' id='line_1_8' title="bbox 72 1030 1040 1130; baseline 0 -23"><span class='ocrx_word' id='word_1_54' title='bbox 72 1066 75 1071; x_wconf 95' lang='lat'>·</span> <span class='ocrx_word' id='word_1_55' title='bbox 103 1033 208 1122; x_wconf 89' lang='lat' dir='ltr'>„Qui</span> <span class='ocrx_word' id='word_1_56' title='bbox 227 1033 375 1128; x_wconf 85' lang='lat' dir='ltr'><strong>proinde</strong></span> <span class='ocrx_word' id='word_1_57' title='bbox 388 1032 486 1108; x_wconf 89' lang='lat' dir='ltr'>Nero</span> <span class='ocrx_word' id='word_1_58' title='bbox 512 1033 621 1107; x_wconf 87' lang='lat' dir='ltr'>etiam</span> <span class='ocrx_word' id='word_1_59' title='bbox 641 1030 888 1130; x_wconf 73' lang='lat' dir='ltr'>in&#39;iipostolos</span> <span class='ocrx_word' id='word_1_60' title='bbox 907 1033 1040 1108; x_wconf 87' lang='lat' dir='ltr'>saeviit:</span> 
     </span>
    </p>

    <p class='ocr_par' dir='ltr' id='par_1_6' title="bbox 66 1132 1186 2123">
     <span class='ocr_line' id='line_1_9' title="bbox 66 1132 1186 1229; baseline 0.004 -24"><span class='ocrx_word' id='word_1_61' title='bbox 66 1166 69 1171; x_wconf 96' lang='lat'>·</span> <span class='ocrx_word' id='word_1_62' title='bbox 102 1154 181 1223; x_wconf 85' lang='lat' dir='ltr'>„ac</span> <span class='ocrx_word' id='word_1_63' title='bbox 202 1132 506 1229; x_wconf 78' lang='lat' dir='ltr'>Paulusiquidem</span> <span class='ocrx_word' id='word_1_64' title='bbox 530 1133 659 1207; x_wconf 83' lang='lat' dir='ltr'>Romae</span> <span class='ocrx_word' id='word_1_65' title='bbox 690 1133 807 1229; x_wconf 87' lang='lat' dir='ltr'>capite</span> <span class='ocrx_word' id='word_1_66' title='bbox 830 1146 1040 1225; x_wconf 79' lang='lat' dir='ltr'>truncatus„</span> <span class='ocrx_word' id='word_1_67' title='bbox 1066 1182 1084 1193; x_wconf 59' lang='grc'>·«</span> <span class='ocrx_word' id='word_1_68' title='bbox 1183 1202 1186 1209; x_wconf 87' lang='grc'>.</span> 
     </span>
     <span class='ocr_line' id='line_1_10' title="bbox 103 1228 1178 1321; baseline -0.001 -14"><span class='ocrx_word' id='word_1_69' title='bbox 103 1230 267 1321; x_wconf 84' lang='lat' dir='ltr'>„Petrus</span> <span class='ocrx_word' id='word_1_70' title='bbox 291 1251 376 1305; x_wconf 88' lang='lat' dir='ltr'>vero</span> <span class='ocrx_word' id='word_1_71' title='bbox 409 1232 509 1306; x_wconf 89' lang='lat' dir='ltr'>cruci</span> <span class='ocrx_word' id='word_1_72' title='bbox 536 1231 682 1306; x_wconf 80' lang='lat' dir='ltr'>suffixus</span> <span class='ocrx_word' id='word_1_73' title='bbox 707 1232 806 1306; x_wconf 75' lang='lat' dir='ltr'>fuisse</span> <span class='ocrx_word' id='word_1_74' title='bbox 823 1232 959 1307; x_wconf 76' lang='lat' dir='ltr'>‘eodem</span> <span class='ocrx_word' id='word_1_75' title='bbox 984 1254 1042 1306; x_wconf 88' lang='lat' dir='ltr'>re·</span> <span class='ocrx_word' id='word_1_76' title='bbox 1134 1232 1149 1261; x_wconf 84' lang='grc'>·’</span> <span class='ocrx_word' id='word_1_77' title='bbox 1174 1228 1178 1237; x_wconf 79' lang='grc'><em>“</em></span> 
     </span>
     <span class='ocr_line' id='line_1_11' title="bbox 104 1331 1183 1436; baseline 0.001 -32"><span class='ocrx_word' id='word_1_78' title='bbox 104 1336 271 1431; x_wconf 74' lang='lat' dir='ltr'>„¹gnante</span> <span class='ocrx_word' id='word_1_79' title='bbox 299 1332 517 1406; x_wconf 87' lang='lat' dir='ltr'>traduntur:</span> <span class='ocrx_word' id='word_1_80' title='bbox 556 1331 833 1436; x_wconf 23' lang='lat' dir='ltr'>quamkquidem</span> <span class='ocrx_word' id='word_1_81' title='bbox 865 1331 1040 1408; x_wconf 88' lang='lat' dir='ltr'>narratio·</span> <span class='ocrx_word' id='word_1_82' title='bbox 1180 1358 1183 1363; x_wconf 87' lang='lat'>·</span> 
     </span>
     <span class='ocr_line' id='line_1_12' title="bbox 104 1429 1111 1527; baseline 0 -22"><span class='ocrx_word' id='word_1_83' title='bbox 104 1440 223 1521; x_wconf 85' lang='lat' dir='ltr'>„uem</span> <span class='ocrx_word' id='word_1_84' title='bbox 245 1430 386 1506; x_wconf 87' lang='lat' dir='ltr'>abunde</span> <span class='ocrx_word' id='word_1_85' title='bbox 410 1430 624 1505; x_wconf 83' lang='lat' dir='ltr'>confirmant</span> <span class='ocrx_word' id='word_1_86' title='bbox 646 1430 743 1505; x_wconf 85' lang='lat' dir='ltr'>Petri</span> <span class='ocrx_word' id='word_1_87' title='bbox 771 1429 944 1527; x_wconf 83' lang='lat' dir='ltr'>Paulique</span> <span class='ocrx_word' id='word_1_88' title='bbox 973 1455 1040 1505; x_wconf 91' lang='lat' dir='ltr'>no·</span> <span class='ocrx_word' id='word_1_89' title='bbox 1108 1460 1111 1469; x_wconf 92' lang='lat'>·</span> 
     </span>
     <span class='ocr_line' id='line_1_13' title="bbox 105 1528 1048 1625; baseline 0.001 -22"><span class='ocrx_word' id='word_1_90' title='bbox 105 1530 236 1621; x_wconf 87' lang='lat' dir='ltr'>„mine</span> <span class='ocrx_word' id='word_1_91' title='bbox 265 1528 429 1624; x_wconf 77' lang='lat' dir='ltr'>insignita</span> <span class='ocrx_word' id='word_1_92' title='bbox 453 1541 715 1619; x_wconf 87' lang='lat' dir='ltr'>monumenta,</span> <span class='ocrx_word' id='word_1_93' title='bbox 756 1551 839 1625; x_wconf 88' lang='lat' dir='ltr'>quae</span> <span class='ocrx_word' id='word_1_94' title='bbox 874 1532 912 1605; x_wconf 90' lang='lat' dir='ltr'>in</span> <span class='ocrx_word' id='word_1_95' title='bbox 939 1530 1048 1606; x_wconf 84' lang='lat' dir='ltr'>urbis.</span> 
     </span>
     <span class='ocr_line' id='line_1_14' title="bbox 106 1628 1040 1719; baseline 0.011 -19"><span class='ocrx_word' id='word_1_96' title='bbox 106 1628 266 1719; x_wconf 81' lang='lat' dir='ltr'>„Romae</span> <span class='ocrx_word' id='word_1_97' title='bbox 288 1629 503 1704; x_wconf 86' lang='lat' dir='ltr'>caemeteriis</span> <span class='ocrx_word' id='word_1_98' title='bbox 527 1630 725 1703; x_wconf 81' lang='lat' dir='ltr'>etiamnum</span> <span class='ocrx_word' id='word_1_99' title='bbox 746 1628 916 1705; x_wconf 84' lang='lat' dir='ltr'>uisuntur.</span> <span class='ocrx_word' id='word_1_100' title='bbox 964 1629 1040 1711; x_wconf 84' lang='lat' dir='ltr'>Sed</span> 
     </span>
     <span class='ocr_line' id='line_1_15' title="bbox 107 1722 1110 1825; baseline 0.002 -22"><span class='ocrx_word' id='word_1_101' title='bbox 107 1724 309 1823; x_wconf 70' lang='lat' dir='ltr'>„auajus</span> <span class='ocrx_word' id='word_1_102' title='bbox 343 1728 398 1802; x_wconf 91' lang='lat' dir='ltr'>vir</span> <span class='ocrx_word' id='word_1_103' title='bbox 421 1727 632 1825; x_wconf 73' lang='lat' dir='ltr'>Catiroiicus</span> <span class='ocrx_word' id='word_1_104' title='bbox 657 1726 840 1825; x_wconf 87' lang='lat' dir='ltr'>Zephirini</span> <span class='ocrx_word' id='word_1_105' title='bbox 862 1729 1041 1805; x_wconf 82' lang='lat' dir='ltr'>Romanae</span> <span class='ocrx_word' id='word_1_106' title='bbox 1102 1722 1110 1745; x_wconf 90' lang='lat'><em>&#39;</em></span> 
     </span>
     <span class='ocr_line' id='line_1_16' title="bbox 108 1825 1041 1924; baseline 0.002 -23"><span class='ocrx_word' id='word_1_107' title='bbox 108 1827 237 1917; x_wconf 87' lang='lat' dir='ltr'>„urbis</span> <span class='ocrx_word' id='word_1_108' title='bbox 261 1826 424 1924; x_wconf 84' lang='lat' dir='ltr'>Episcopi</span> <span class='ocrx_word' id='word_1_109' title='bbox 460 1827 682 1922; x_wconf 83' lang='lat' dir='ltr'>temporibus</span> <span class='ocrx_word' id='word_1_110' title='bbox 705 1825 846 1901; x_wconf 83' lang='lat' dir='ltr'>&#39;florens</span> <span class='ocrx_word' id='word_1_111' title='bbox 877 1827 915 1901; x_wconf 89' lang='lat' dir='ltr'>in</span> <span class='ocrx_word' id='word_1_112' title='bbox 947 1825 1041 1903; x_wconf 89' lang='lat' dir='ltr'>libro</span> 
     </span>
     <span class='ocr_line' id='line_1_17' title="bbox 109 1923 1141 2023; baseline 0.003 -23"><span class='ocrx_word' id='word_1_113' title='bbox 109 1939 264 2017; x_wconf 87' lang='lat' dir='ltr'>„contra</span> <span class='ocrx_word' id='word_1_114' title='bbox 279 1925 448 2003; x_wconf 88' lang='lat' dir='ltr'>Proclum</span> <span class='ocrx_word' id='word_1_115' title='bbox 464 1937 653 2023; x_wconf 85' lang='lat' dir='ltr'>patronum</span> <span class='ocrx_word' id='word_1_116' title='bbox 673 1923 773 2000; x_wconf 79' lang='lat' dir='ltr'>seaae</span> <span class='ocrx_word' id='word_1_117' title='bbox 790 1926 1040 2023; x_wconf 79' lang='lat' dir='ltr'>cataphryga·</span> <span class='ocrx_word' id='word_1_118' title='bbox 1126 1936 1141 1961; x_wconf 59' lang='lat'><strong>⁸</strong></span> 
     </span>
     <span class='ocr_line' id='line_1_18' title="bbox 111 2022 1040 2123; baseline 0.002 -26"><span class='ocrx_word' id='word_1_119' title='bbox 111 2045 218 2115; x_wconf 88' lang='lat' dir='ltr'>„rum</span> <span class='ocrx_word' id='word_1_120' title='bbox 241 2026 376 2121; x_wconf 83' lang='lat' dir='ltr'>inquit:</span> <span class='ocrx_word' id='word_1_121' title='bbox 411 2026 490 2123; x_wconf 84' lang='lat' dir='ltr'>Ego</span> <span class='ocrx_word' id='word_1_122' title='bbox 518 2022 772 2121; x_wconf 81' lang='lat' dir='ltr'>Apostolorum</span> <span class='ocrx_word' id='word_1_123' title='bbox 801 2038 938 2120; x_wconf 87' lang='lat' dir='ltr'>tropaea</span> <span class='ocrx_word' id='word_1_124' title='bbox 963 2025 1040 2122; x_wconf 84' lang='lat' dir='ltr'>pos·</span> 
     </span>
    </p>

    <p class='ocr_par' dir='ltr' id='par_1_7' title="bbox 111 2122 1039 2215">
     <span class='ocr_line' id='line_1_19' title="bbox 111 2122 1039 2215; baseline 0 -18"><span class='ocrx_word' id='word_1_125' title='bbox 111 2122 214 2215; x_wconf 88' lang='lat' dir='ltr'>„sum</span> <span class='ocrx_word' id='word_1_126' title='bbox 232 2123 434 2214; x_wconf 90' lang='lat' dir='ltr'>ostendere,</span> <span class='ocrx_word' id='word_1_127' title='bbox 459 2146 544 2198; x_wconf 90' lang='lat' dir='ltr'>nam</span> <span class='ocrx_word' id='word_1_128' title='bbox 566 2122 637 2198; x_wconf 85' lang='lat' dir='ltr'>srue</span> <span class='ocrx_word' id='word_1_129' title='bbox 653 2123 691 2197; x_wconf 92' lang='lat' dir='ltr'>in</span> <span class='ocrx_word' id='word_1_130' title='bbox 704 2123 941 2211; x_wconf 85' lang='lat' dir='ltr'>Vaticanum,</span> <span class='ocrx_word' id='word_1_131' title='bbox 968 2123 1039 2199; x_wconf 85' lang='lat' dir='ltr'>five</span> 
     </span>
    </p>

    <p class='ocr_par' dir='ltr' id='par_1_8' title="bbox 112 2221 1159 2516">
     <span class='ocr_line' id='line_1_20' title="bbox 112 2221 1042 2320; baseline 0.001 -23"><span class='ocrx_word' id='word_1_132' title='bbox 112 2223 185 2315; x_wconf 88' lang='lat' dir='ltr'>„ad</span> <span class='ocrx_word' id='word_1_133' title='bbox 205 2221 396 2300; x_wconf 83' lang='lat' dir='ltr'>Ostiensem</span> <span class='ocrx_word' id='word_1_134' title='bbox 421 2225 519 2299; x_wconf 91' lang='lat' dir='ltr'>viam</span> <span class='ocrx_word' id='word_1_135' title='bbox 546 2244 692 2320; x_wconf 88' lang='lat' dir='ltr'>pergere</span> <span class='ocrx_word' id='word_1_136' title='bbox 717 2223 825 2309; x_wconf 90' lang='lat' dir='ltr'>libet,</span> <span class='ocrx_word' id='word_1_137' title='bbox 852 2234 1042 2299; x_wconf 86' lang='lat' dir='ltr'>occurrent</span> 
     </span>
     <span class='ocr_line' id='line_1_21' title="bbox 113 2320 1159 2421; baseline 0 -24"><span class='ocrx_word' id='word_1_138' title='bbox 113 2321 204 2413; x_wconf 88' lang='lat' dir='ltr'>„tibi</span> <span class='ocrx_word' id='word_1_139' title='bbox 220 2334 355 2421; x_wconf 86' lang='lat' dir='ltr'>tropaea</span> <span class='ocrx_word' id='word_1_140' title='bbox 372 2346 518 2410; x_wconf 89' lang='lat' dir='ltr'>eorum,</span> <span class='ocrx_word' id='word_1_141' title='bbox 545 2324 606 2418; x_wconf 91' lang='lat' dir='ltr'>qui</span> <span class='ocrx_word' id='word_1_142' title='bbox 625 2320 816 2396; x_wconf 77' lang='lat' dir='ltr'>Ecclesiam</span> <span class='ocrx_word' id='word_1_143' title='bbox 841 2321 942 2395; x_wconf 90' lang='lat' dir='ltr'>illam</span> <span class='ocrx_word' id='word_1_144' title='bbox 958 2322 1041 2397; x_wconf 86' lang='lat' dir='ltr'>fun·</span> <span class='ocrx_word' id='word_1_145' title='bbox 1074 2351 1078 2356; x_wconf 93' lang='lat'>·</span> <span class='ocrx_word' id='word_1_146' title='bbox 1157 2391 1159 2397; x_wconf 90' lang='lat'><em>.</em></span> 
     </span>
     <span class='ocr_line' id='line_1_22' title="bbox 114 2421 1126 2516; baseline -0.004 -21"><span class='ocrx_word' id='word_1_147' title='bbox 114 2421 335 2513; x_wconf 86' lang='lat' dir='ltr'>„dauerunt:</span> <span class='ocrx_word' id='word_1_148' title='bbox 360 2424 472 2498; x_wconf 91' lang='lat' dir='ltr'>Porro</span> <span class='ocrx_word' id='word_1_149' title='bbox 489 2423 616 2496; x_wconf 89' lang='lat' dir='ltr'>ambos</span> <span class='ocrx_word' id='word_1_150' title='bbox 639 2421 929 2516; x_wconf 72' lang='lat' dir='ltr'>unn&#39;eodemque</span> <span class='ocrx_word' id='word_1_151' title='bbox 947 2428 1041 2495; x_wconf 54' lang='lat' dir='ltr'>tem&amp;</span> <span class='ocrx_word' id='word_1_152' title='bbox 1123 2484 1126 2491; x_wconf 93' lang='lat'>.</span> 
     </span>
    </p>

    <p class='ocr_par' dir='ltr' id='par_1_9' title="bbox 87 2518 1041 2618">
     <span class='ocr_line' id='line_1_23' title="bbox 87 2518 1041 2618; baseline -0.007 -19"><span class='ocrx_word' id='word_1_153' title='bbox 87 2590 90 2599; x_wconf 93' lang='lat'>.</span> <span class='ocrx_word' id='word_1_154' title='bbox 113 2540 224 2618; x_wconf 88' lang='lat' dir='ltr'>„pore</span> <span class='ocrx_word' id='word_1_155' title='bbox 240 2523 455 2618; x_wconf 84' lang='lat' dir='ltr'>martyrium</span> <span class='ocrx_word' id='word_1_156' title='bbox 472 2518 816 2617; x_wconf 78' lang='lat' dir='ltr'>subiiiieDionpsrus</span> <span class='ocrx_word' id='word_1_157' title='bbox 835 2519 1041 2595; x_wconf 89' lang='lat' dir='ltr'>Corinthio·</span> 
     </span>
    </p>

    <p class='ocr_par' dir='ltr' id='par_1_10' title="bbox 113 2617 1079 2721">
     <span class='ocr_line' id='line_1_24' title="bbox 113 2617 1079 2721; baseline 0.002 -28"><span class='ocrx_word' id='word_1_158' title='bbox 113 2640 219 2709; x_wconf 86' lang='lat' dir='ltr'>„rum</span> <span class='ocrx_word' id='word_1_159' title='bbox 247 2618 441 2721; x_wconf 86' lang='lat' dir='ltr'>Episcopus</span> <span class='ocrx_word' id='word_1_160' title='bbox 470 2621 518 2696; x_wconf 92' lang='lat' dir='ltr'>ad</span> <span class='ocrx_word' id='word_1_161' title='bbox 541 2620 728 2695; x_wconf 87' lang='lat' dir='ltr'>Romanos</span> <span class='ocrx_word' id='word_1_162' title='bbox 756 2617 911 2694; x_wconf 85' lang='lat' dir='ltr'>scribens</span> <span class='ocrx_word' id='word_1_163' title='bbox 937 2618 1041 2695; x_wconf 80' lang='lat' dir='ltr'>testa·</span> <span class='ocrx_word' id='word_1_164' title='bbox 1072 2637 1079 2643; x_wconf 82' lang='lat'>·</span> 
     </span>
    </p>

    <p class='ocr_par' dir='ltr' id='par_1_11' title="bbox 64 2730 237 2809">
     <span class='ocr_line' id='line_1_25' title="bbox 64 2730 237 2809; baseline 0.023 -32"><span class='ocrx_word' id='word_1_165' title='bbox 64 2730 208 2809; x_wconf 78' lang='lat' dir='ltr'>..„tur‚</span> <span class='ocrx_word' id='word_1_166' title='bbox 229 2776 237 2791; x_wconf 71' lang='grc'>,,</span> 
     </span>
    </p>

    <p class='ocr_par' dir='ltr' id='par_1_12' title="bbox 64 2812 1190 2917">
     <span class='ocr_line' id='line_1_26' title="bbox 64 2812 1190 2917; baseline -0.002 -24"><span class='ocrx_word' id='word_1_167' title='bbox 64 2874 80 2891; x_wconf 86' lang='grc'>-.</span> <span class='ocrx_word' id='word_1_168' title='bbox 189 2843 246 2893; x_wconf 88' lang='lat'>12.</span> <span class='ocrx_word' id='word_1_169' title='bbox 279 2814 476 2917; x_wconf 71' lang='lat' dir='ltr'>„josephus</span> <span class='ocrx_word' id='word_1_170' title='bbox 506 2839 594 2892; x_wconf 86' lang='lat' dir='ltr'>vero</span> <span class='ocrx_word' id='word_1_171' title='bbox 623 2827 912 2892; x_wconf 84' lang='lat' dir='ltr'>commemorans</span> <span class='ocrx_word' id='word_1_172' title='bbox 944 2812 1039 2891; x_wconf 88' lang='lat' dir='ltr'>cala·</span> <span class='ocrx_word' id='word_1_173' title='bbox 1053 2822 1190 2911; x_wconf 55' lang='lat' dir='ltr'>&amp;ndac-</span> 
     </span>
    </p>
   </div>
   <div class='ocr_carea' id='block_1_6' title="bbox 64 2902 1196 3119">
    <p class='ocr_par' dir='ltr' id='par_1_13' title="bbox 64 2902 1196 3119">
     <span class='ocr_line' id='line_1_27' title="bbox 64 2902 1196 3015; baseline -0.045 5"><span class='ocrx_word' id='word_1_174' title='bbox 64 2902 82 2916; x_wconf 26' lang='grc' dir='ltr'>Π.</span> <span class='ocrx_word' id='word_1_175' title='bbox 114 2916 311 3008; x_wconf 83' lang='lat' dir='ltr'>‚,mitates‚</span> <span class='ocrx_word' id='word_1_176' title='bbox 346 2916 477 3012; x_wconf 86' lang='lat' dir='ltr'>quibus</span> <span class='ocrx_word' id='word_1_177' title='bbox 514 2916 676 2991; x_wconf 85' lang='lat' dir='ltr'>universa</span> <span class='ocrx_word' id='word_1_178' title='bbox 706 2902 913 3015; x_wconf 73' lang='lat' dir='ltr'>J&#39;udaeorum</span> <span class='ocrx_word' id='word_1_179' title='bbox 951 2936 1040 3009; x_wconf 84' lang='lat' dir='ltr'>gens</span> <span class='ocrx_word' id='word_1_180' title='bbox 1054 2933 1125 3009; x_wconf 72' lang='lat' dir='ltr'>rara</span> <span class='ocrx_word' id='word_1_181' title='bbox 1137 2909 1196 2997; x_wconf 76' lang='lat' dir='ltr'>af-¹</span> 
     </span>
     <span class='ocr_line' id='line_1_28' title="bbox 64 2992 1144 3119; baseline -0.029 -11"><span class='ocrx_word' id='word_1_182' title='bbox 64 3110 66 3119; x_wconf 80' lang='grc'>,</span> <span class='ocrx_word' id='word_1_183' title='bbox 114 3015 339 3107; x_wconf 64' lang='lat' dir='ltr'>‘nconfliflata</span> <span class='ocrx_word' id='word_1_184' title='bbox 354 3014 423 3103; x_wconf 86' lang='lat' dir='ltr'>est,</span> <span class='ocrx_word' id='word_1_185' title='bbox 448 3028 570 3089; x_wconf 89' lang='lat' dir='ltr'>narrat</span> <span class='ocrx_word' id='word_1_186' title='bbox 594 3018 705 3089; x_wconf 85' lang='lat' dir='ltr'>etiam</span> <span class='ocrx_word' id='word_1_187' title='bbox 728 3039 853 3089; x_wconf 88' lang='lat' dir='ltr'>eorum</span> <span class='ocrx_word' id='word_1_188' title='bbox 874 2992 1144 3089; x_wconf 58' lang='lat' dir='ltr'>nonium-fitia</span> 
     </span>
    </p>
   </div>
   <div class='ocr_carea' id='block_1_7' title="bbox 115 3076 1200 3213">
    <p class='ocr_par' dir='ltr' id='par_1_14' title="bbox 115 3076 1200 3213">
     <span class='ocr_line' id='line_1_29' title="bbox 115 3076 1200 3213; baseline -0.012 -19"><span class='ocrx_word' id='word_1_189' title='bbox 115 3138 220 3206; x_wconf 87' lang='lat' dir='ltr'>„mos</span> <span class='ocrx_word' id='word_1_190' title='bbox 243 3115 363 3212; x_wconf 82' lang='lat' dir='ltr'>flagris</span> <span class='ocrx_word' id='word_1_191' title='bbox 386 3113 497 3189; x_wconf 84' lang='lat' dir='ltr'>caesos</span> <span class='ocrx_word' id='word_1_192' title='bbox 516 3114 748 3213; x_wconf 83' lang='lat' dir='ltr'>Jerosolymis</span> <span class='ocrx_word' id='word_1_193' title='bbox 769 3112 860 3210; x_wconf 81' lang='lat' dir='ltr'>juiiu</span> <span class='ocrx_word' id='word_1_194' title='bbox 883 3112 981 3188; x_wconf 88' lang='lat' dir='ltr'>Flori</span> <span class='ocrx_word' id='word_1_195' title='bbox 1002 3113 1041 3189; x_wconf 89' lang='lat' dir='ltr'>in</span> <span class='ocrx_word' id='word_1_196' title='bbox 1069 3076 1200 3165; x_wconf 52' lang='lat'>‘⁰⁸⁸⁶‘</span> 
     </span>
    </p>
   </div>
   <div class='ocr_carea' id='block_1_8' title="bbox 64 3212 1210 3931">
    <p class='ocr_par' dir='ltr' id='par_1_15' title="bbox 64 3212 1210 3931">
     <span class='ocr_line' id='line_1_30' title="bbox 117 3212 1041 3317; baseline -0.001 -28"><span class='ocrx_word' id='word_1_197' title='bbox 117 3238 285 3306; x_wconf 89' lang='lat' dir='ltr'>„crucem</span> <span class='ocrx_word' id='word_1_198' title='bbox 312 3214 468 3317; x_wconf 83' lang='lat' dir='ltr'>sublatos</span> <span class='ocrx_word' id='word_1_199' title='bbox 500 3213 620 3301; x_wconf 82' lang='lat' dir='ltr'>fuisse,</span> <span class='ocrx_word' id='word_1_200' title='bbox 661 3215 724 3310; x_wconf 91' lang='lat' dir='ltr'>qui</span> <span class='ocrx_word' id='word_1_201' title='bbox 744 3215 958 3288; x_wconf 84' lang='lat' dir='ltr'>Procurator</span> <span class='ocrx_word' id='word_1_202' title='bbox 980 3212 1041 3310; x_wconf 85' lang='lat' dir='ltr'>Ju-</span> 
     </span>
     <span class='ocr_line' id='line_1_31' title="bbox 81 3312 1040 3410; baseline -0.002 -21"><span class='ocrx_word' id='word_1_203' title='bbox 81 3362 85 3410; x_wconf 84' lang='grc'>,</span> <span class='ocrx_word' id='word_1_204' title='bbox 118 3315 231 3406; x_wconf 86' lang='lat' dir='ltr'><strong>„daeae</strong></span> <span class='ocrx_word' id='word_1_205' title='bbox 256 3326 353 3403; x_wconf 86' lang='lat' dir='ltr'>erat,</span> <span class='ocrx_word' id='word_1_206' title='bbox 390 3337 463 3410; x_wconf 92' lang='lat' dir='ltr'>quo</span> <span class='ocrx_word' id='word_1_207' title='bbox 493 3326 656 3410; x_wconf 88' lang='lat' dir='ltr'>tempore</span> <span class='ocrx_word' id='word_1_208' title='bbox 690 3312 825 3389; x_wconf 82' lang='lat' dir='ltr'>bertum</span> <span class='ocrx_word' id='word_1_209' title='bbox 854 3312 1040 3410; x_wconf 87' lang='lat' dir='ltr'>judaicum</span> 
     </span>
     <span class='ocr_line' id='line_1_32' title="bbox 67 3411 1210 3513; baseline -0.003 -25"><span class='ocrx_word' id='word_1_210' title='bbox 67 3464 85 3513; x_wconf 58' lang='grc' dir='ltr'>Ξ</span> <span class='ocrx_word' id='word_1_211' title='bbox 119 3412 335 3507; x_wconf 83' lang='lat' dir='ltr'>„conflatum</span> <span class='ocrx_word' id='word_1_212' title='bbox 353 3413 401 3487; x_wconf 92' lang='lat' dir='ltr'>est</span> <span class='ocrx_word' id='word_1_213' title='bbox 417 3437 512 3488; x_wconf 91' lang='lat' dir='ltr'>anno</span> <span class='ocrx_word' id='word_1_214' title='bbox 532 3411 672 3509; x_wconf 87' lang='lat' dir='ltr'>imperii</span> <span class='ocrx_word' id='word_1_215' title='bbox 693 3413 849 3489; x_wconf 87' lang='lat' dir='ltr'>Neronis</span> <span class='ocrx_word' id='word_1_216' title='bbox 871 3412 1042 3487; x_wconf 88' lang='lat' dir='ltr'>duodeci·</span> <span class='ocrx_word' id='word_1_217' title='bbox 1147 3476 1169 3484; x_wconf 88' lang='lat'>..</span> <span class='ocrx_word' id='word_1_218' title='bbox 1201 3464 1210 3485; x_wconf 51' lang='lat'><em>2</em></span> 
     </span>
     <span class='ocr_line' id='line_1_33' title="bbox 117 3508 1101 3609; baseline 0 -23"><span class='ocrx_word' id='word_1_219' title='bbox 117 3534 212 3603; x_wconf 87' lang='lat' dir='ltr'>·„mo.</span> <span class='ocrx_word' id='word_1_220' title='bbox 269 3510 423 3609; x_wconf 82' lang='lat' dir='ltr'>subjicit</span> <span class='ocrx_word' id='word_1_221' title='bbox 452 3512 583 3586; x_wconf 90' lang='lat' dir='ltr'>deinde</span> <span class='ocrx_word' id='word_1_222' title='bbox 616 3510 691 3608; x_wconf 89' lang='lat' dir='ltr'>post</span> <span class='ocrx_word' id='word_1_223' title='bbox 722 3512 957 3587; x_wconf 78' lang='lat' dir='ltr'>defetiionem</span> <span class='ocrx_word' id='word_1_224' title='bbox 978 3508 1041 3608; x_wconf 89' lang='lat' dir='ltr'>Ju·</span> <span class='ocrx_word' id='word_1_225' title='bbox 1098 3520 1101 3524; x_wconf 84' lang='grc'><strong>’</strong></span> 
     </span>
     <span class='ocr_line' id='line_1_34' title="bbox 64 3609 1157 3713; baseline -0.001 -28"><span class='ocrx_word' id='word_1_226' title='bbox 64 3652 89 3713; x_wconf 72' lang='lat' dir='ltr'>n·</span> <span class='ocrx_word' id='word_1_227' title='bbox 104 3690 108 3696; x_wconf 71' lang='grc'>,</span> <span class='ocrx_word' id='word_1_228' title='bbox 121 3612 301 3702; x_wconf 63' lang='lat' dir='ltr'>„deorum</span> <span class='ocrx_word' id='word_1_229' title='bbox 324 3612 505 3688; x_wconf 87' lang='lat' dir='ltr'>maximos</span> <span class='ocrx_word' id='word_1_230' title='bbox 525 3622 648 3686; x_wconf 90' lang='lat' dir='ltr'>motus</span> <span class='ocrx_word' id='word_1_231' title='bbox 674 3635 737 3707; x_wconf 88' lang='lat' dir='ltr'>per</span> <span class='ocrx_word' id='word_1_232' title='bbox 753 3610 953 3691; x_wconf 76' lang='lat' dir='ltr'>universam</span> <span class='ocrx_word' id='word_1_233' title='bbox 969 3609 1041 3706; x_wconf 81' lang='lat' dir='ltr'>Sy·</span> <span class='ocrx_word' id='word_1_234' title='bbox 1153 3690 1157 3697; x_wconf 67' lang='grc'><em>,</em></span> 
     </span>
     <span class='ocr_line' id='line_1_35' title="bbox 64 3709 1041 3813; baseline -0.005 -24"><span class='ocrx_word' id='word_1_235' title='bbox 64 3722 90 3813; x_wconf 59' lang='lat'>0³</span> <span class='ocrx_word' id='word_1_236' title='bbox 123 3710 230 3803; x_wconf 69' lang='lat' dir='ltr'>‚riam</span> <span class='ocrx_word' id='word_1_237' title='bbox 248 3711 316 3789; x_wconf 82' lang='lat' dir='ltr'>effe</span> <span class='ocrx_word' id='word_1_238' title='bbox 332 3711 531 3807; x_wconf 85' lang='lat' dir='ltr'>excitatos,</span> <span class='ocrx_word' id='word_1_239' title='bbox 556 3711 644 3785; x_wconf 87' lang='lat' dir='ltr'>dum</span> <span class='ocrx_word' id='word_1_240' title='bbox 663 3710 880 3809; x_wconf 68' lang='lat' dir='ltr'>stragularum</span> <span class='ocrx_word' id='word_1_241' title='bbox 898 3709 1041 3786; x_wconf 89' lang='lat' dir='ltr'>urbium</span> 
     </span>
     <span class='ocr_line' id='line_1_36' title="bbox 64 3808 1040 3931; baseline -0.004 -45"><span class='ocrx_word' id='word_1_242' title='bbox 64 3848 90 3931; x_wconf 71' lang='lat' dir='ltr'>’i</span> <span class='ocrx_word' id='word_1_243' title='bbox 195 3904 198 3911; x_wconf 33' lang='grc' dir='ltr'>Ι</span> <span class='ocrx_word' id='word_1_244' title='bbox 569 3808 695 3906; x_wconf 75' lang='grc' dir='ltr'><strong>ΗῙ13</strong></span> <span class='ocrx_word' id='word_1_245' title='bbox 913 3808 1040 3901; x_wconf 80' lang='lat' dir='ltr'>„inco-</span> 
     </span>
    </p>
   </div>
   <div class='ocr_carea' id='block_1_9' title="bbox 0 0 1234 4350">
    <p class='ocr_par' dir='ltr' id='par_1_16' title="bbox 0 0 1234 4350">
     <span class='ocr_line' id='line_1_37' title="bbox 0 0 1234 4350; baseline 0 0"><span class='ocrx_word' id='word_1_246' title='bbox 0 0 1234 4350; x_wconf 95' lang='lat' dir='ltr'> </span> 
     </span>
    </p>
   </div>
  </div>
 </body>
</html>
