2446 4350
31 256 45 285 e
169 255 176 273 ¹·
199 228 262 321 De
293 230 380 316 vito
412 163 649 344 Coraslanlini
679 190 792 321 taber
804 231 859 322 11·
916 206 1043 363 5831Ι

65 415 270 511 „sedenim
284 415 419 497 inuidia
436 417 552 513 primo
568 417 664 494 intro
677 418 857 516 irrepens,
879 419 998 517 postea

64 517 135 610 „in
158 515 281 597 medio
312 513 510 619 sanderum
535 529 632 592 caetu
656 518 886 632 tripudiavit,
917 530 999 595 tan·
1067 528 1072 538 ‘

66 614 180 707 „dem
199 611 392 710 Episcopos
414 613 508 689 inter
530 614 564 689 se
579 615 773 706 commisit,
792 617 1005 713 altercatio,
1035 645 1038 647 ·

64 737 179 806 „nem
195 712 289 787 inter
305 734 369 786 eos
384 714 548 813 excitqns
564 714 768 793 divinorum
784 716 999 814 dogmatum
1098 752 1102 762 ’

63 814 258 907 „obtentu
304 811 858 909 Exindeglavillrmumexarfit
875 816 1008 911 iucem,

62 912 217 1004 „dium,
251 912 348 1006 quod
374 911 419 985 ab
447 911 605 986 Eccle'sra
622 911 869 995 Alexandrina
891 923 1016 1003 exors
1130 915 1140 1001 ,’
1181 939 1182 942 ¹

63 1010 192 1104 ·,‚sum,
213 1009 418 1105 ¹uniuersam
440 1009 609 1107 posthaec
625 1011 847 1110 AEgyptum,
869 1013 999 1117 &Ly-
1084 1009 1087 1013 ’
1126 1014 1146 1052 ’·

10 1156 14 1161 -
67 1110 196 1203 „biam
220 1108 259 1184 dr
283 1108 492 1202 ulteriorem
522 1109 743 1186 Thebaidem
777 1115 999 1210 peragravit:

52 1207 155 1303 ',‚sed
171 1205 380 1303 &reliquas
398 1207 600 1304 provincias
616 1210 797 1306 depastum
814 1211 883 1302 est,
906 1204 1000 1290 adeo
1039 1211 1047 1219 ⁴

61 1319 137 1402 „ut
153 1330 226 1382 non
244 1306 358 1382 solum
373 1306 561 1382 Antistites
583 1310 703 1405 verbis
721 1311 815 1386 inter
835 1310 869 1399 se
885 1313 1017 1407 digla·,'
1135 1356 1139 1365 ·

61 1407 258 1502 „diantes,
293 1429 418 1480 verum
440 1407 549 1481 etiam
570 1407 712 1500 plebem
735 1407 905 1485 dilciffam
923 1433 1004 1499 cer·¹
1101 1431 1117 1454 ²

60 1527 180 1604 „nere
199 1503 347 1591 liceret,
373 1504 409 1579 dr
429 1506 465 1580 in
482 1505 611 1582 mediis
629 1507 828 1582 infidelium
847 1509 1006 1587 theatris¹
1064 1578 1066 1583 .

33 1679 36 1685 ,
61 1605 229 1698 „diuinae
246 1605 512 1700 praedicationis
538 1605 696 1679 dodlrina
718 1605 913 1701 turpillrmo
928 1604 1000 1684 risu
1046 1622 1048 1627 '

59 1703 350 1799 „traduceretur
403 1704 498 1778 Cum
521 1718 645 1778 autem
675 1703 843 1780 Ecclefiae
869 1727 1000 1803 corpus
1030 1699 1157 1785 ‘altha'

59 1801 302 1900 „hujusmodi
327 1803 454 1877 morbo
481 1802 681 1889 laboraret,
707 1802 869 1878 universa
884 1788 999 1903 Lydia
1136 1845 1140 1855 ·

12 1898 16 1911 '
60 1899 198 1998 „simul
222 1901 331 1989 etiam
354 1902 555 1997 aegrotavit.
608 1901 677 1976 His
693 1903 826 2002 auditis
843 1903 1010 2002 Imperaz·
1027 1896 1151 1984 ‘atha

60 2014 154 2097 „tor
176 1998 376 2096 grauiffimo
392 1999 517 2075 dolore
538 2000 717 2096 perculsus
742 2001 925 2078 confestim
951 2027 999 2079 ex
1077 2050 1080 2057 -

61 2100 166 2197 „Dei
189 2099 388 2175 cultoribus
414 2101 628 2197 quemdam,
662 2122 769 2196 quem
788 2101 833 2176 ob
855 2101 1000 2198 religio·

61 2199 152 2295 ,·‚nis
170 2197 420 2273 confeffionem
436 2221 509 2297 prae
528 2201 670 2273 caeteris
691 2199 919 2276 nobilitatum
938 2225 1000 2276 co·

62 2312 270 2395 „gnoverat
295 2295 440 2396 (scilicet
466 2298 604 2397 Hostum
635 2295 886 2398 Cordubensem)
911 2299 998 2374 Ale·

62 2397 284 2494 ,exandriam
301 2399 441 2493 dirigit,
473 2410 516 2472 ut
532 2399 626 2470 inter
647 2395 850 2473 diffidentes
872 2420 1007 2493 pacem·
1112 2477 1116 2491 ,

55 2511 348 2593 „componerem
382 2497 570 2590 eidemque
595 2495 736 2569 litteras
758 2496 822 2572 dat
841 2497 890 2571 ad
913 2521 994 2571 con·
1010 2496 1174 2585 cop..64·'.·

62 2596 268 2692 „tentionis
293 2592 468 2671 lluttores
485 2593 735 2669 Alexandrum
763 2593 996 2693 Episcopum,
1052 2601 1112 2670 732

63 2693 271 2792 „delirium
284 2695 534 2792 presbyterum
549 2746 559 2781 ‚
573 2695 609 2766 in
629 2694 758 2787 quibus
772 2693 893 2790 jubet,
919 2708 997 2770 uta
1126 2729 1130 2745 ¹

63 2793 283 2894 „proposrtis
300 2794 486 2871 subtilibus
511 2791 764 2890 quaestionibus
779 2792 995 2883 abstineant,

64 2895 180 2993 „quia
202 2893 294 2967 tales
313 2891 545 2988 quaestiones,
570 2914 659 2988 quas
677 2890 812 2969 nullius
826 2892 917 2989 legis
932 2917 995 2968 ne·

65 2991 232 3089 „celsitas
256 2991 469 3087 praescribit,
493 2990 552 3067 led
571 2990 711 3066 inutilis
731 2992 796 3067 otii
810 2990 996 3068 altercatio

65 3092 281 3191 ,‚proponit‚
305 3091 390 3166 licet
409 3090 543 3186 ingenii
564 3090 755 3165 exercendi
778 3093 883 3167 causa
900 3091 994 3167 insti·
1021 3118 1024 3127 ⁴

65 3190 265 3288 „tuentum
292 3207 412 3264 tamen
430 3191 524 3264 intra
539 3189 672 3264 mentis
689 3188 816 3265 nostrae
831 3204 994 3287 penetra·

66 3292 144 3386 „lia
162 3290 345 3363 continere
362 3288 554 3374 debemus,
576 3311 644 3362 neo
660 3310 722 3362 eas
735 3287 841 3364 facile
852 3291 889 3365 in
904 3291 993 3385 pub·

66 3391 185 3486 „licus
203 3386 328 3461 ell'erre
355 3400 569 3462 conventus:
598 3389 880 3484 quotusquisque
897 3388 994 3463 enim
1187 3472 1192 3481 ,

68 3489 162 3584 „eli,
195 3488 257 3582 qui
284 3500 466 3562 tantarum
496 3507 614 3560 rerum
639 3499 807 3561 naturam
832 3508 992 3583 compre·
1052 3508 1054 3521 ³

67 3587 254 3684 „hendere
282 3583 456 3660 sufficiat?
503 3585 679 3672 Quocirca
716 3586 753 3660 in
787 3583 995 3681 hujusmodi

68 3683 349 3786 „quaestionibus
381 3685 582 3855 loquacitas
626 3685 894 3783 comprimenda
925 3683 992 3770 est,

590 3805 660 3880 ⁰4
749 3866 780 3873 ..
922 3805 994 3876 ”¹¹⁸
