2446 4350
10 370 12 375 Ι
129 346 133 351 .
177 252 441 371 Drmoradrat.
455 254 626 383 Evang.
644 172 757 340 Liber
775 194 872 342 ΙΙΙ.Ι
900 277 986 367 105

44 454 149 535 „tem
175 439 364 543 judaicam
388 463 411 514 a
432 438 845 543 seruituteffigyptlaca
863 441 989 518 rendi·
1029 440 1033 457 ⁵
1086 489 1090 493 -
1214 452 1217 463 “

46 542 185 633 „cario
198 541 372 616 -Chrilfus
391 563 506 634 genus
524 539 725 614 humanum
746 539 988 615 asrmulacro·

30 662 154 730 ,uum
185 642 288 714 cultu
313 639 496 712 revocavit
517 637 566 711 ad
588 637 803 714 libertatem.
842 638 996 736 Moyses.
1151 692 1155 699 ·

50 751 212 835 „terram
238 738 391 815 landam
424 736 462 812 de
497 738 610 810 vitam
634 739 777 813 beatam
796 738 897 833 leges
920 739 989 813 ser·

49 838 248 926 ,vantibus
269 835 445 934 promisit:
470 836 591 919 Simili
607 837 718 911 modo
737 834 899 912 Christus
917 859 989 913 cae·

49 937 197 1026 ,lorum
229 958 381 1032 regnum
403 934 588 1031 pollicitus
614 934 673 1010 est.
748 936 866 1011 Moses
889 948 988 1012 toto!
1065 968 1097 1029 ,ν

50 1035 319 1131 „quadraginta
343 1034 422 1110 dies
441 1031 587 1131 jejunus
600 1033 687 1109 suit:
724 1034 852 1109 itidem
877 1037 990 1111 etiam
1051 1070 1054 1075 ·
1090 1044 1093 1049 '
1121 1046 1125 1051 '

50 1133 253 1222 „Christus
300 1133 463 1231 ,Moyses
487 1134 525 1207 in
551 1133 690 1207 deserto
711 1134 891 1208 ¹alimenta
924 1159 988 1229 po·
1024 1190 1029 1225 2
1155 1168 1160 1185 ι

10 1224 15 1349 l
52 1234 170 1331 „pulo
195 1234 361 1327 praebuit.
439 1231 585 1330 Moyses
606 1254 670 1330 per
693 1233 854 1308 medium
880 1236 992 1308 maris

10 1356 12 1397 ÷
53 1332 255 1427 „ingressus
275 1332 352 1407 dux
371 1331 506 1428 populo
527 1332 616 1406 suit:
644 1330 804 1407 Christus
818 1333 855 1406 in
875 1333 993 1429 super·
1041 1348 1046 1357 ·
1160 1346 1163 1353 ·

52 1431 162 1523 „licie
179 1431 293 1507 maris
309 1429 528 1525 ingrediens,
552 1430 700 1506 Petrum
717 1432 807 1507 item
818 1431 865 1505 ad
883 1431 917 1505 se
935 1431 953 1505 s
974 1471 990 1493 ·

53 1552 146 1629 „per
169 1530 263 1606 illud
285 1529 452 1604 incedere
474 1529 573 1604 fecit.
641 1529 786 1625 Moyses
812 1531 930 1605 undas
954 1533 993 1607 iu

10 1678 12 1723 ;
54 1630 206 1719 ,medio
236 1629 328 1707 mari
353 1625 443 1702 stare
465 1628 563 1704 fecit.
614 1628 775 1703 Christus
802 1628 993 1725 imperavit

10 1780 12 1787 -
53 1741 194 1819 „rento
217 1724 255 1803 dt
280 1729 371 1802 mari
396 1725 434 1803 dt
459 1727 553 1803 sada
577 1726 626 1800 esi
647 1727 890 1824 tranquillitas
914 1750 993 1802 ma·

54 1851 164 1923 „gna
192 1825 329 1924 Moysis
346 1825 469 1900 vultus
487 1825 692 1924 splendidus
706 1827 888 1924 apparuit3
900 1824 993 1901 srmi·

54 1929 167 2019 „liter
179 1925 219 2002 dr
235 1924 364 2006 Christi
378 1924 416 1999 in
434 1924 494 2002 sua
510 1925 835 2020 transfiguratione.
884 1922 993 2023 Moy·

55 2025 137 2118 „ses
156 2027 313 2125 Mariam
335 2024 524 2120 leprosam,
545 2024 706 2099 Christus
725 2025 817 2100 alios
834 2026 993 2119 leprosos

57 2126 288 2216 „mundavit
338 2124 485 2225 Moyses
509 2123 700 2198 duodecim
729 2125 991 2221 exploratores,
1044 2125 1091 2221 χ’

58 2224 248 2316 „Christus
268 2222 461 2298 duodecim
478 2221 669 2319 Apostolos
689 2222 804 2310 mint,
829 2222 931 2298 &stc
948 2225 994 2299 de

59 2325 242 2414 „caeteris
268 2344 313 2395 ex
333 2321 463 2416 quibus
482 2334 595 2419 patet,
620 2320 799 2399 Christum
823 2321 890 2397 else
907 2323 994 2399 Pro-

61 2425 237 2518 ,.phetam
259 2443 281 2495 a
302 2417 429 2515 Moyse
453 2419 683 2518 promissum:
720 2422 859 2496 Eodem
885 2423 995 2497 modo

28 2544 32 2551 ·
60 2520 255 2618 Prophetia
271 2519 411 2618 Jacobi:
447 2546 511 2594 non
526 2521 652 2618 deficiet
662 2523 815 2619 princeps
837 2521 876 2593 de
929 2521 996 2595 ndu

60 2618 127 2696 dcc.
156 2618 272 2694 &illa
289 2617 407 2693 lsaiae:
431 2619 634 2718 Egredietur
649 2622 749 2717 uirgo
770 2614 871 2722 deffe
898 2619 993 2694 edtc.
1133 2672 1135 2681 ·

62 2719 261 2814 &reliqua
288 2739 370 2814 quae
396 2720 442 2793 de
467 2719 657 2793 nativitate
686 2718 724 2793 δι
750 2733 867 2793 morte
891 2717 997 2793 Chri·

62 2819 97 2896 sti
113 2818 364 2917 praedixerunt
379 2819 585 2916 Prophetae,
603 2820 640 2892 in
657 2842 701 2893 eo
716 2817 866 2916 implete
883 2818 974 2892 sunt.

132 3045 168 3113 3.
198 3013 405 3103 „Quoniam
421 3035 508 3086 vero
526 3012 641 3110 major
666 3037 748 3110 pars
766 3036 912 3098 eorum,
936 3013 997 3109 qui
1017 3019 1164 3108 (lrpltu'

65 3141 162 3204 „non
180 3114 347 3199 credunt,
365 3127 499 3187 vocant
512 3113 688 3187 Christum
705 3113 997 3209 praestigiatorem
1013 3130 1075 3173 t2⁰2²
1089 3107 1146 3206 θΡ

64 3215 125 3303 „dr
146 3210 381 3295 seduliorem,
406 3210 569 3305 aliasque
585 3211 839 3286 inumerabiles
861 3210 997 3285 calum·
1012 3195 1184 3278 ΜΡΝ·

65 3314 170 3402 ,mias
202 3314 240 3385 in
270 3311 374 3384 illurn
398 3309 650 3384 execrabiliter
671 3308 825 3405 jallant,
854 3324 998 3407 tempus
1015 3287 1073 3345 ω’·

66 3413 166 3510 „jam
190 3409 445 3495 videturesse,
472 3423 514 3483 ut
534 3407 608 3482 illis
635 3408 931 3521 respondeamus:
963 3408 1001 3485 dt

64 3509 257 3605 „inprimis
280 3509 318 3583 hi
334 3508 581 3603 interrogandi
605 3508 697 3592 sunt,
720 3533 806 3584 num
825 3509 905 3605 quis
922 3533 1004 3585 urn-
1047 3535 1050 3544 ·

66 3632 204 3706 „quam
230 3607 325 3682 alius
346 3609 432 3683 huic
455 3607 579 3681 similis
604 3607 763 3682 seduttor
781 3632 828 3681 ex
850 3608 1003 3682 historiis

67 3709 252 3815 „ipsorum
280 3708 433 3814 proferri
464 3707 596 3890 p⁰ffitd
619 3707 681 3803 qui
706 3707 1002 3794 mansuetudinis,

157 3870 163 3881 .
366 3826 369 3831 ’
621 3828 642 3909 5
894 3826 1003 3915 „Pro'

10 3982 28 4159 l
