2446 4350
235 198 471 347 ‘manua
485 225 624 346 nens.
646 224 864 325 ,arom
960 150 1062 349 4321
1200 288 1204 361 3

112 436 216 509 „non
239 414 307 493 effe
328 439 352 493 a
376 412 573 491 ma'otibus
591 412 820 511 accepimus,
843 411 904 489 led
923 423 1049 495 tamen

111 539 225 609 „cum
257 514 358 591 utilis
394 438 462 590 essle
501 515 684 591 videretur
722 513 1049 609 quamplurimis,
1163 568 1168 585 .

110 637 213 707 „una
235 588 319 690 ium
341 613 490 710 reliquis
506 612 620 689 sacrae
643 610 826 709 scripturae
851 614 953 689 libris
976 615 1046 692 stu·.

111 713 239 806 „diole
261 713 419 789 lestitata
444 710 503 787 est.
563 711 726 787 librum
751 736 837 788 vero
862 714 925 813 qui
946 716 1046 793 ailus
1177 752 1181 759 ¹

111 813 239 907 „Petri
266 814 421 900 dicitur,
459 811 497 889 dr
522 811 761 905 &angelium
786 811 866 910 ejus
899 816 1047 891 nornine

111 913 368 1009 „inscriptum
402 911 671 1008 praedicationis
688 933 832 1008 quoqne
853 911 1045 991 &remla-
1139 952 1152 969 ·-

112 1010 250 1106 „tionis
266 1011 344 1108 ejus
359 1013 471 1086 libros
482 1035 557 1106 ,pro
572 1010 772 1087 Catholicis
789 1011 1045 1110 scriptionum
1143 1086 1148 1093 ‚
1179 1092 1182 1101 ,

110 1133 248 1208 „quam
269 1111 337 1185 effe
357 1111 501 1185 habitos
523 1110 669 1186 constat.
713 1110 825 1187 'Pauli
847 1134 934 1189 vern
957 1134 1045 1210 qua·.
1162 1194 1165 1201 ,
1204 1114 1208 1131 ’

110 1210 342 1305 „tuordecim
382 1209 538 1306 epistolae
580 1221 678 1284 notae
719 1209 799 1285 lunt
846 1213 1043 1287 omnibus:

110 1309 322 1403 „samonium
348 1322 471 1385 tamen
486 1309 554 1392 est,
582 1307 776 1406 Epistulam
796 1310 844 1387 ad
865 1313 1044 1389 Hebraeos

110 1434 162 1502 „a
186 1408 371 1484 nonnullis
395 1409 478 1483 ideo
503 1409 570 1481 eila
594 1407 841 1504 repudiatam,
868 1410 969 1506 quod.
990 1412 1045 1487 dt·

109 1523 282 1601 ·„cerenr,
321 1532 401 1583 eam
427 1509 471 1582 ab
496 1505 651 1581 Ecclesia
667 1508 831 1583 Romana
857 1532 922 1605 pro
946 1526 1046 1587 certa

109 1606 176 1701 „dr
194 1608 352 1704 genuina
377 1606 532 1704 Epillola
554 1606 657 1681 Pauli
685 1631 759 1683 non
781 1606 916 1686 haberi.
969 1609 1045 1685 Sed
1139 1669 1142 1674 .

109 1708 184 1800 „de
207 1707 269 1782 illa
290 1704 377 1803 quid
395 1719 536 1781 veteres
559 1704 774 1782 tradiderint
796 1705 858 1783 suo
880 1721 1044 1805 tempore

109 1806 372 1905 „proferemus⁸
425 1805 572 1879 librum
590 1806 652 1900 qui
671 1806 772 1881 ailus
791 1806 895 1883 Pauli
922 1806 1043 1884 inseri·

108 1908 256 1998 „biru’r‚
280 1906 377 1982 inter
391 1904 604 1979 indubitatae
622 1904 706 1980 fidei
721 1905 834 1982 libros
850 1932 923 1980 noo
940 1931 1043 1983 acceo

106 2007 268 2103 „pianum
319 2005 498 2093 Quoniam
523 2026 609 2078 vato
627 2003 822 2101 apostolos
845 2007 982 2082 Paulus
1004 2006 1044 2083 iu

106 2103 286 2203 „epistola
312 2096 360 2179 ad
382 2104 567 2178 Romanos
580 2104 813 2205 ¹montionem
836 2105 926 2181 fruit
948 2106 1043 2183 Her.-

105 2226 231 2298 ‚‚maa‚
264 2201 367 2301 cujus
389 2202 456 2280 elle
476 2202 590 2277 fertur
610 2204 723 2291 liber,
757 2206 819 2301 qui
844 2206 966 2283 Pallor
986 2207 1040 2281 in·
1056 2202 1146 2291 [aber
1160 2205 1221 2277 Poe

105 2302 287 2400 „scriptus
311 2303 386 2387 eil,
426 2301 605 2377 sciendum
629 2301 698 2391 est,
739 2327 822 2378 eum
854 2304 984 2380 librum
1017 2290 1150 2380 asturis.

103 2401 320 2497 „nonnullis
335 2400 480 2499 quidem
501 2402 538 2476 in
559 2401 707 2477 dubium
724 2403 790 2476 ess'e
810 2417 1039 2491 revocatum.

103 2500 370 2598 ,‚qnamobrem
391 2503 485 2576 inter
505 2514 659 2596 receptae
683 2501 904 2575 auttoritaris
927 2502 1041 2577 libros
1179 2546 1188 2594 3

102 2601 270 2694 „censeri
287 2625 358 2674 non
378 2597 507 2696 potell:
534 2598 579 2672 ab
599 2599 680 2672 aliis
699 2623 785 2674 vero
802 2602 962 2675 maxime
978 2625 1040 2677 ne·

102 2699 301 2795 „cellarius
314 2697 517 2797 judicatur,
536 2699 579 2770 iis
597 2699 811 2793 praesertim,
834 2700 896 2794 qui
913 2699 1038 2797 primis
1099 2708 1103 2719 ’

103 2799 319 2894 „religionis
344 2797 471 2873 nostrae
495 2797 683 2871 elementis
708 2799 913 2874 instituendi
944 2797 1036 2879 sunt.
1132 2864 1135 2881 .
1212 2848 1216 2856 ·

102 2899 242 2994 „Unde
277 2897 385 2972 etiam
419 2898 456 2973 in
481 2895 646 2971 Ecclefiis
680 2921 764 2973 enm
797 2899 939 2995 pulrlice
964 2897 1037 2993 legi

102 2996 397 3095 ‚,comperimns‚
443 2995 481 3072 dc
512 2996 688 3091 quosdam
728 3022 775 3072 ex
803 2996 1038 3089 vetuilillimis

102 3096 364 3196 „scriptoribus
386 3093 493 3193 ipsrus
511 3095 712 3178 testimonio
736 3096 818 3171 ulos
833 3097 943 3175 suilla.
1131 3104 1135 3113 “

181 3316 216 3389 3.
243 3292 382 3383 „Porro
400 3305 489 3388 quot
500 3290 752 3388 Apostolorum
770 3292 1036 3376 Petri&Pauli
1048 3302 1156 3370 Prima
1208 3332 1215 3347 ι

102 3388 173 3485 „dr
193 3393 340 3488 quinam
363 3393 438 3467 veri
461 3393 661 3467 imitatores
682 3417 805 3467 eorum
824 3393 960 3489 judicio
980 3394 1033 3470 di·
1046 3385 1202 3474 Afflllt’l'·

102 3492 196 3586 „gni
222 3491 336 3566 habiti
353 3491 440 3577 ont,
464 3493 524 3586 qui
548 3492 720 3567 fundatas
745 3493 790 3567 ab
807 3493 888 3590 ipsas
908 3493 1031 3568 Eccle·
1045 3471 1192 3558 rnmsnr·

102 3588 201 3681 „fias
223 3590 386 3687 pastorali
403 3590 520 3667 officio
541 3593 803 3686 gubernarent,
835 3617 907 3666 noo
927 3591 1032 3667 facile
1044 3558 1141 3706 “ff

101 3688 184 3782 „est
203 3691 343 3789 dicere¹
366 3707 606 3794 praeterquam
628 3691 732 3785 illos,
756 3714 848 3790 quos
864 3717 912 3768 ex
925 3690 1034 3788 ipfiur
1082 3658 1174 3730 Μ

545 3789 620 3876 Hh·
645 3815 670 3887 4
906 3788 1033 3893 „Apo
