2422 4350
139 154 567 349 'maneantur
596 222 776 322 roa-v.
840 164 1051 347 *519*
1130 276 1144 331 ,-

27 436 174 508 „verus
196 413 336 491 summa
361 436 481 495 rerum
502 414 641 513 potitus
663 414 725 491 est.
774 403 887 492 P'orro
904 417 974 493 Ec»
992 421 1141 491 Heracliti
1178 410 1181 417 '

30 506 338 607 „clefiasticorum
355 515 514 591 virorum
530 539 574 590 eo
590 529 755 612 tempore
773 516 973 591 viventium
1011 530 1074 595 ctr-
1085 528 1137 593 27·

31 615 222 713 „plurima
245 615 366 690 adhuc
393 612 578 691 servantur
602 613 797 691 laudabilis
822 615 975 713 diligen·
1173 676 1201 693 „.

32 715 129 806 „tiae
147 726 406 803 monumenta,
434 710 568 790 scilicet
586 714 764 790 Heracliti
789 738 975 791 commen·
1052 730 1071 801 ζ
1109 780 1113 787 .
1161 733 1167 742 ·

34 814 148 905 „tarii
172 814 210 890 in
232 812 473 912 Apostolum:
516 813 671 890 Nlaxlmi
698 835 842 912 quoque
870 814 974 890 volu·
992 822 1154 891 Μαίη

37 914 165 1005 ·„rnina
183 913 230 989 de
244 912 308 988 illa
324 911 497 1010 quaestion
530 966 540 999 ,
566 913 663 989 unde
687 911 732 989 fit
747 914 908 1006 malum3
936 914 975 990 ὅ(
1056 947 1060 953 ·
1154 936 1187 987 :t

40 1013 112 1103 „de
125 1013 280 1111 eoquod
296 1012 451 1088 materia
467 1012 504 1088 fa
538 1035 561 1087 a
577 1013 631 1088 fit.
683 1014 865 1090 Praeterea
878 1015 1135 1105 Can-,canaida
1156 1018 1163 1031 '

41 1113 141 1204 „didi
164 1112 204 1187 in
226 1112 481 1199 Hexarneron‚
522 1110 562 1187 bt
584 1110 740 1210 Apionis
772 1113 820 1188 de
843 1113 973 1190 eodem
993 1133 1140 1219 Apianae,

42 1224 278 1307 „argumento
304 1211 578 1288 commentarii.
641 1211 734 1288 Item
753 1210 859 1289 Sexti
882 1212 974 1287 liber

42 1310 110 1404 „de
126 1309 398 1399 resurreitione,
423 1309 462 1385 δι
476 1309 651 1387 Arabiani
668 1334 760 1413 opus
776 1312 974 1411 quoddam,
993 1324 1162 1394 Arabiast.

43 1409 292 1506 ,aliorumque
312 1410 575 1507 complurium,
609 1432 763 1508 quorum
790 1436 858 1488 nec
881 1422 1006 1487 tem··
1040 1492 1044 1497 ,

40 1531 152 1607 „pora
168 1510 300 1585 litteris
320 1509 514 1593 mandare,
539 1533 623 1586 curn
641 1510 786 1588 nullum
800 1511 976 1589 indicium

40 1608 247 1706 „suppetan
271 1632 356 1685 neo
377 1609 621 1707 narrationem
646 1604 761 1687 ullam
784 1609 887 1686 libris
910 1635 976 1686 no-

36 1706 143 1802 „liris
168 1709 332 1783 intexere
359 1708 550 1805 poliumus.
626 1709 829 1786 lVlultorum
862 1710 975 1787 etiam

36 1806 333 1901 „lucubrationes
356 1807 405 1882 ad
427 1830 496 1883 nos
522 1825 783 1905 pervenerunt,
819 1830 976 1906 quorum

33 1930 109 1999 „ne
126 1908 277 1983 nomina
292 1906 439 2004 quidem
464 1907 647 1982 recensere
663 1908 868 2006 postumus,
893 1931 976 2007 pro·
1088 1982 1091 1987 .

35 2019 186 2105 „pterea
212 2006 311 2124 quod
338 2005 421 2082 libri
449 2004 512 2108 ipsi
534 2007 723 2086 auttorurn
749 2031 822 2083 non
848 2007 978 2108 praefe-

36 2121 149 2200 „runt
172 2127 334 2185 nomme.

110 2330 168 2380 10.
196 2303 337 2393 „Porro
351 2301 390 2378 in
407 2299 599 2399 cujusdam
619 2324 665 2376 ex
680 2301 755 2377 illis
770 2301 974 2379 notioribus
992 2309 1139 2376 Aroma

38 2402 155 2495 „libro
170 2402 341 2479 adversus
353 2400 565 2477 Artemonis
580 2400 751 2491 haeresin,
774 2424 858 2498 quae
869 2402 973 2478 Chri·
992 2399 1043 2461 ais
1058 2394 1120 2461 Μ·

38 2502 153 2595 „stum
177 2525 320 2578 merum
334 2500 520 2577 hominem
542 2500 609 2576 elle
631 2502 796 2588 dicebat,
820 2503 974 2597 legitur,
991 2481 1064 2567 '‘s'‘

37 2602 196 2700 „priscos
211 2621 341 2679 omnes
360 2601 408 2677 ab
424 2597 605 2698 Apostolis
627 2623 744 2698 usque
764 2601 811 2676 ad
829 2602 974 2699 Zephy·
1011 2576 1138 2652 ΜΝ·

37 2703 203 2792 ‚,rinurn,
226 2701 289 2797 qui
306 2702 529 2775 contrarium
547 2699 673 2775 docuit
682 2736 697 2789 ·,
722 2699 821 2775 idem
841 2701 975 2777 tenuis·

35 2801 105 2893 „sa
155 2800 291 2877 Verum
313 2799 542 2895 refragantur
564 2799 618 2874 illi
651 2801 785 2876 divinae
809 2800 974 2899 Scriptu-

35 2922 133 2994 με,
157 2900 301 2998 Scripta
310 2898 453 2997 Justini,
478 2898 676 2989 Miltiadis,
700 2899 866 2990 Tatiani,
888 2901 974 2977 Cle·
1065 2912 1067 2919 '

35 3000 219 3091 „rnentis⁹
251 2998 381 3074 lrenaei
404 2996 443 3073 &
463 2998 662 3075 Melitonis.
713 3001 763 3073 Et
788 3001 973 3096 quomodo

31 3124 134 3192 „non
148 3099 260 3196 pudet
285 3121 349 3173 eos
369 3093 580 3194 hujusmodi
597 3098 818 3174 calumniam
844 3100 973 3175 adver-

21 3198 120 3292 ¹„sus
143 3197 326 3276 Viliorem
366 3200 604 3283 concinnare,
650 3199 714 3292 qui
739 3198 972 3276 Theodotum

30 3297 253 3390 „coriarium
287 3295 396 3394 hujus
438 3296 691 3392 abnegationis
736 3297 918 3377 tutiorem
947 3322 972 3375 a

31 3398 316 3492 „communione
340 3394 511 3473 Ecclesrae
537 3394 656 3493 ejecit.
