2446 4350
39 98 42 106 ·
185 90 199 123 x
418 108 422 135 ¹
608 122 675 143 ··

52 283 76 340 ,5
164 260 167 271 ·
225 164 303 342 93¹
365 168 921 336 .,·„nupa'aoesoaufis,
1003 230 1042 256 ·-

227 413 362 499 „cepta
385 400 451 490 iis,
471 403 534 499 qui
555 424 682 500 capere
700 414 889 502 poterant,
914 399 1164 497 tradiderunt,

227 522 481 599 „quaecunque
519 524 605 597 vero
637 501 936 578 imbecillioribus
969 501 1164 583 convenire

229 602 522 694 „arbitrabantur
566 597 675 677 artim
690 602 835 690 titteris,
859 602 991 698 partim
1013 598 1087 677 fine
1105 598 1180 677 lio.

198 768 200 775 Α
230 700 344 793 „reris
371 623 682 776 commengarunt.
739 700 918 789 Quocirca
946 701 985 776 ln
1007 696 1183 776 Ecclesia.

231 796 329 893 „Dei
357 802 431 874 duo
463 799 610 885 vivendi
638 798 739 877 modi
764 799 916 878 instituti
942 798 1042 886 sunt,
1074 798 1169 875 alter

144 976 148 991 ,
232 899 409 995 „quidem
444 921 518 975 non
550 899 696 995 nuptias
713 953 725 986 ,
742 962 745 969 .
765 923 840 975 non
868 899 1055 985 sobolem,
1093 920 1183 991 non⁴

18 1010 21 1019 '
234 1016 373 1092 „opum
395 997 609 1073 facultatem
637 998 823 1094 requirens
851 996 916 1074 soli
941 997 1066 1072 divino
1091 994 1170 1077 cul·

136 1156 138 1160 ,
160 1106 162 1111 ‘
192 1164 195 1177 ,
233 1098 315 1187 „tui
339 1095 520 1172 addittus:
542 1096 580 1172 δι
597 1096 845 1194 talisquidcm
859 1097 909 1173 est
925 1095 1103 1193 perscitus
1116 1095 1171 1171 vi·

232 1209 314 1286 „tae
330 1196 472 1275 modus.
497 1195 603 1272 Alter
619 1219 705 1271 vero
720 1195 891 1272 remissior
908 1195 1068 1272 modesto
1085 1214 1174 1271 con·
1218 1256 1220 1267 .

195 1318 198 1327 ’
235 1291 362 1401 „jugio
378 1293 415 1369 δι
438 1293 571 1371 sobolis
599 1296 851 1391 procuratione
876 1294 1105 1391 implicatur,
1132 1291 1186 1387 ,διἶ

83 1469 88 1487 ,
235 1394 316 1485 ,uei
335 1392 525 1469 familiaris
549 1416 674 1470 curam
697 1394 863 1471 assumit:
890 1398 955 1492 qui
976 1394 1026 1470 est
1048 1393 1174 1471 secun·

239 1492 336 1582 „dus
352 1492 499 1590 pictatia
518 1493 665 1589 gradus.
1183 1501 1186 1508 “

54 1689 122 1758 'clar
137 1695 227 1790 vett<
311 1685 346 1775 8².
373 1687 473 1789 ¹„Sed
494 1686 672 1785 quaesierit
695 1687 827 1786 aliquis
847 1686 978 1786 primo,
1003 1708 1187 1785 quaenam,

17 1808 20 1817 ·
44 1793 111 1841 Μ
130 1770 226 1858 s⁰¹⁷⁰³¹
240 1787 372 1879 „causa
388 1786 453 1872 sit,
479 1810 543 1864 cur
568 1788 670 1886 prisci
693 1787 748 1863 illi
766 1800 851 1864 ante
868 1787 1007 1862 Mosem
1024 1789 1063 1861 in
1085 1809 1176 1884 nup·
1215 1824 1220 1834 ι

56 1876 226 2008 {ma-'⁸'
242 1888 330 1993 „tiis
348 1886 386 1961 δι
408 1889 656 1984 procreatione
675 1888 873 1962 liberorum
891 1885 1090 1984 plurimum
1106 1884 1178 1961 stu·

58 2003 169 2092 pm
243 1984 322 2077 „dii
346 1984 546 2082 posuerint,
576 2007 644 2060 iios
664 2008 750 2077 vero
773 1987 868 2062 hanc
896 1998 1037 2082 partem
1061 1983 1177 2082 negli-

15 2124 18 2129 ·
242 2107 411 2179 „gamue
469 2083 681 2182 Respondeo
708 2086 826 2182 primo
849 2082 934 2160 illos
962 2081 1093 2159 sobolis
1122 2084 1178 2161 in·

189 2246 191 2250 .
242 2196 495 2280 „crementum
513 2182 769 2280 quaesivissent
787 2205 851 2282 per
864 2183 902 2260 id
919 2184 1094 2283 temporie
1110 2181 1179 2259 ini·

70 2371 73 2378 ἲ
187 2300 190 2306 ·
241 2284 363 2374 „tium
396 2303 568 2367 numerus
593 2284 783 2358 bominum
813 2282 1048 2377 augesceret,
1079 2279 1179 2380 quod

48 2390 51 2405 ¹
242 2380 310 2473 „in
334 2379 406 2457 fine
425 2383 599 2480 temporie
621 2381 729 2480 hujus
750 2382 886 2456 necelie
904 2406 978 2457 non
1002 2380 1062 2456 est.
1082 2416 1085 2421 ’
1106 2381 1179 2459 ado

233 2479 401 2572 ,pitius
425 2478 499 2556 illis
530 2481 621 2556 nihil
647 2479 898 2654 impedimenti
912 2492 1018 2567 erat,
1042 2502 1090 2554 ne
1114 2479 1181 2555 do·

247 2580 351 2672 „mui
376 2579 689 2676 liberisque'praee
716 2593 799 2664 ent,
826 2603 870 2655 ac
890 2581 1022 2677 pariter
1046 2577 1182 2657 divinae

45 2686 48 2694 '
130 2706 134 2710 ·
248 2678 329 2769 „rei
349 2692 534 2768 vacarent,
552 2703 646 2757 cum.
657 2702 837 2776 nusquam
857 2680 1003 2755 erebus
1019 2678 1183 2755 externis

145 2816 147 2820 ⁴
247 2779 407 2868 „abono
424 2778 603 2875 proposito
623 2777 894 2855 avellebantur:
920 2799 979 2854 res
1000 2799 1091 2852 vero
1118 2800 1183 2853 no·

247 2877 354 2968 „strae
366 2878 554 2954 innumera
567 2878 715 2961 habent,
724 2899 808 2974 quae
823 2877 986 2952 exterius
1002 2889 1183 2975 premant,

217 3034 219 3038 .
247 2975 313 3066 „lic
331 2999 354 3050 a
376 2998 496 3051 rerum
515 2975 728 3050 Divinarum
761 2977 876 3053 studio
898 2999 967 3051 nos
986 2977 1210 3063 abducunt..¹

248 3068 355 3248 „prio
377 3099 461 3151 cum
480 3073 609 3172 reliqui
631 3075 798 3152 hominen
822 3075 861 3154 in
875 3097 1019 3152 morum
1040 3086 1199 3173 perrea.

247 3226 274 3265 „
290 3184 378 3249 itate
393 3170 511 3270 majus
530 3174 655 3250 indies.
664 3176 927 3252 incrementum
951 3173 1201 3271 accepissent,

211 3322 213 3326 »
248 3272 382 3371 „valde
407 3273 511 3368 pauci
536 3276 649 3350 vitani
675 3296 760 3361 vere
784 3274 853 3350 Dei
874 3273 1064 3351 cultricem
1086 3272 1188 3370 insti«,

207 3460 211 3475 „
248 3385 445 3464 „tuerunrz
467 3383 509 3447 ut
527 3372 637 3468 igitur
653 3382 752 3451 'verae
774 3373 960 3470 religionis
980 3372 1101 3449 semen
1116 3373 1187 3450 sere

234 3483 435 3572 ·„varetur,
456 3473 588 3548 merito
612 3474 829 3567 generandae
845 3471 977 3549 sobolis
991 3477 1188 3560 curamin-

245 3570 535 3659 „troduxerunt,
560 3582 603 3646 ut
632 3571 679 3647 fic
703 3571 867 3650 dostores
912 3573 1115 3671 ropriorum
1141 3573 1189 3649 li·

186 3678 189 3683 ’
246 3668 441 3761 „berorum
457 3667 678 3768 existerent,
703 3671 742 3751 δι
766 3674 819 3751 ita
845 3596 974 3770 refluo
995 3674 1081 3752 vera
1103 3690 1220 3769 pro-1

403 3782 416 3793 '¹
475 3806 477 3812 '
538 3831 541 3835 ¹
1043 3790 1183 3871 ’illm'
