2422 4350
268 178 442 293 Prepar.
458 176 615 289 Eurrng,
648 180 759 305 Lrbcr
782 181 810 266 1.
967 211 992 299 7

10 436 22 485 ι
63 362 197 453 „musi
221 364 404 440 Praeterea
418 365 505 461 quid
522 364 732 441 hominibus'
742 365 816 439 111111
830 368 877 441 ad
895 366 990 463 spem

65 462 195 553 ,ullius
216 465 306 539 boni
332 462 555 551 ostendatur,
583 465 645 559 qui
666 465 884 539 tutelaribus¹
920 467 991 543 diis

10 628 28 679 u
66 561 220 651 ,bellum
247 562 539 639 denuntiarunt?
570 586 641 659 qua
661 585 766 661 porro
784 567 890 640 11111111
912 566 989 661 dig.-

10 730 33 775 ,η
66 683 148 751 ,noa
165 662 262 749 fore,
278 664 339 759 qui
354 663 401 737 ab
417 684 541 737 eorem
558 663 660 738 culru
675 663 883 749 defecerint,
895 687 988 761 quos

10 766 36 879 u
66 760 122 851 ,ab
140 764 267 835 omnis
287 763 357 837 aevi
370 764 546 837 memoria
561 764 746 837 communi
762 786 887 857 regum
909 787 1010 861 pm„

10 848 27 972 ζ
67 858 197 949 mium,
224 860 523 958 Legumlatorum
546 884 589 935 ac
607 859 904 959 Philosophorum
923 886 988 961 ap·

10 1023 25 1045 Ἴ
65 960 298 1055 „probatione
327 960 512 1037 Graeci&
540 961 681 1035 barbari
710 960 798 1036 deos
827 963 986 1039 celebra·

10 1050 31 1146 ’ζ
63 1055 191 1145 ,1111111
237 1058 377 1145 Quibus
395 1074 518 1135 autem
537 1057 617 1156 jure
643 1060 767 1134 iinon
799 1059 986 1159 subiiciat),

60 1169 136 1245 „tur
157 1159 294 1255 paenis,
318 1159 378 1255 qui
402 1160 599 1257 patriorum
625 1156 803 1235 sacrorum
830 1160 986 1236 deserto·

11 1249 24 1352 ζ’
57 1277 134 1343 „res
167 1256 382 1353 peregrinas
413 1257 620 1358 Judaeorum
647 1258 789 1334 saumas
811 1260 985 1335 aemulen·

57 1349 166 1443 „tur‘i
192 1356 289 1444 Quis
304 1356 392 1432 item
409 1359 480 1431 hoc
497 1358 645 1431 summae
659 1358 901 1456 improbitatis
916 1358 985 1436 essa

57 1478 151 1542 „non
175 1455 326 1542 videat,
349 1457 549 1532 amicorum
574 1478 694 1531 mores
718 1457 757 1533 dt
780 1458 873 1532 ritus
894 1458 985 1535 levi·
1117 1478 1126 1505 ¹

10 1549 22 1627 s
58 1566 132 1641 „ter
155 1552 336 1650 abjicere,
360 1553 398 1630 dr
418 1554 488 1629 sese
511 1555 608 1631 sutili
628 1554 698 1631 fide
724 1557 772 1631 ad
794 1557 982 1634 hominum

55 1652 276 1749 „impiorum
308 1652 531 1752 populosque
564 1677 692 1729 omnes
725 1654 843 1730 hostili
868 1656 950 1751 pros
965 1696 983 1717 ·
1032 1710 1036 1715 -

10 1719 14 1776 *
58 1752 282 1927 „Brpeunntlium
300 1753 385 1829 odio
414 1752 540 1829 sesiam
564 1752 795 1850 adjungere?
837 1757 911 1829 imo
936 1780 982 1831 ne

10 1899 12 1906 ·
57 1901 82 1942 ,‚
226 1852 376 1950 quidem
399 1851 512 1951 ipsum
544 1853 726 1952 ajudaeis
757 1852 858 1929 cuitu
881 1877 982 1930 more

56 1948 290 2051 „Judaeorum
311 1950 510 2027 venerari?
549 1953 645 2039 Quin
669 1953 707 2028 &
738 1953 886 2027 Hebraei
918 1953 981 2051 ipsi

55 2062 206 2139 „cunm
216 2072 288 2125 nos
303 2051 518 2137 succensent,
530 2051 627 2147 quod
643 2074 768 2126 eorum
780 2051 880 2126 libris
892 2053 980 2127 abu·

53 2160 214 2239 utamur,
230 2172 366 2247 eosque
385 2173 408 2226 a
424 2151 549 2249 patriis
569 2149 802 2244 religionibus
821 2172 883 2246 per
905 2152 978 2227 vim

57 2250 274 2339 „exturbare
292 2272 475 2339 conemur,
497 2272 580 2324 cum
604 2262 726 2325 tamen
749 2250 883 2348 judaeis
906 2275 979 2325 non

60 2370 166 2437 „vero
186 2349 402 2444 alienigenis
415 2349 687 2446 'redemptorem
702 2349 770 2423 esse
787 2371 979 2445 regemque

10 2464 15 2539 j
60 2461 276 2536 „venturum
304 2448 445 2546 aliaque
465 2448 550 2523 laeta
565 2449 756 2546 Prophetae
774 2449 981 2535 cecinerint,

10 2560 16 2635 ζ
62 2545 174 2636 „illud
202 2548 317 2623 etiam
342 2546 594 2646 perabsurdum
623 2546 708 2633 csse,
741 2547 839 2643 quod
863 2569 982 2644 repre·
1110 2615 1115 2631 ,

10 2725 21 2735 ,,
60 2645 294 2735 „benilonem
310 2649 440 2743 quibus
457 2646 664 2747 Judaeorum
680 2646 807 2720 deliria
823 2669 981 2742 arguun-

10 2760 32 2869 ’ν
61 2758 149 2835 „trin
172 2746 286 2822 avide
307 2747 538 2844 arripiamus,
562 2744 725 2841 promissa
747 2768 834 2820 vero
856 2747 909 2820 eis
928 2746 984 2820 di-

10 2860 29 2877 ··
60 2845 220 2935 „vinitus
244 2847 341 2920 bona
364 2845 510 2920 omnino
526 2845 754 2919 reticeamus.
818 2843 983 2940 Denique

56 2945 177 3040 „quod
218 2967 302 3022 cum
334 2957 458 3020 contra
487 2943 695 3018 constitutas
725 2943 859 3040 Judaeis
884 2945 984 3039 seges

10 3112 14 3125 ,
54 3042 351 3141 ,,(111111(]1111111111,
373 3043 535 3140 promissa
560 3055 683 3117 tamen
704 3043 777 3118 iilis
801 3044 986 3140 obtempeae»

13 3138 14 3143 ’
53 3143 249 3232 „rantibus
273 3144 419 3240 praemia
444 3144 549 3217 nobis
572 3143 814 3219 vendicemus.

116 3364 153 3437 3.
196 3336 362 3428 „Verum
385 3338 482 3435 quod
504 3337 658 3434 primum
681 3339 785 3412 nobis
807 3335 982 3434 objetium
1003 3300 1081 3424 ncop.
1099 3354 1131 3419 3.
1157 3417 1161 3428 ¹

55 3436 149 3529 „osb
168 3437 224 3513 ita
240 3459 456 3537 purgamus,
483 3437 682 3535 quodcum
705 3438 844 3511 infinita
870 3435 937 3509 smt
960 3458 983 3509 a
1005 3419 1136 3520 stophe·

55 3536 263 3627 ‚servatore
275 3535 391 3612 nostro
407 3537 660 3635 praenuntiata,
679 3537 764 3610 dum
786 3555 982 3628 congruen·
994 3514 1132 3652 xm

56 3648 137 3729 „ten
153 3635 290 3713 divinis
306 3634 383 3734 ejus
393 3633 684 3734 praeseufionibus
695 3657 812 3711 rerum
831 3633 982 3744 ipsamm
995 3611 1168 3755 &pem-123⁴

563 3733 599 3811 Α
623 3759 648 3837 4
882 3755 983 3823 arem·
997 3755 1132 3841 Eccsefia.
1189 3779 1192 3787 ·
