2422 4350
131 198 308 325 uenam
341 229 578 343 manamine
607 205 722 319 baar
736 231 813 319 na
859 252 939 349 ⁵⁹1

78 421 188 501 lditis.
234 418 355 495 Lateri
369 417 544 493 orientali
570 415 757 514 conjunsta
779 427 857 493 erat
871 419 944 495 Ba⁴
973 428 1102 516 camo.

78 524 140 598 ‚ica
166 542 255 619 opus
272 518 481 593 admirabile
499 519 536 592 in
553 516 762 607 immensam
780 517 943 595 altitudi-

78 646 129 696 em
163 621 318 705 elatum,
357 616 395 692 dt
427 615 652 712 longitudine
679 640 721 705 ac
751 617 943 694 latitudine

82 722 205 815 axima
228 715 445 814 expansum,
478 715 579 814 cujus
600 717 772 791 interiora·
792 717 943 795 verfico·
970 781 972 786 .
1082 810 1085 815 Ι

78 822 184 895 »ribus
199 812 533 904 marmoriscrullis
553 812 809 904 obtesia'sunt,
840 831 943 892 exte·
979 830 1008 897 ·,
1148 907 1152 918 ¹

78 941 118 992 or
140 941 224 992 vero
249 917 424 1014 parietum
450 914 650 1012 superficies
670 915 792 1012 politis
814 914 944 1014 lapidi·
982 942 1010 1001 χ
1105 1005 1107 1009 Α

78 1041 114 1093 as
133 1014 403 1115 probe'inter'se
417 1015 544 1112 sinitis
560 1015 738 1101 decorata.
789 1014 849 1091 Ad
865 1015 942 1092 cul·
980 1108 984 1115 Ι
1069 1076 1083 1109 ;.

78 1124 131 1192 len
146 1136 231 1190 vero
247 1113 737 1211 &·cameras·quod·attinet,
763 1115 943 1192 exteriora
970 1109 974 1119 '
1153 1147 1157 1164 ·

78 1217 194 1292 uidem
226 1218 318 1288 tetta
350 1214 498 1312 plumbo
532 1213 752 1299 obvallavit,
793 1214 945 1291 interius

78 1328 168 1392 atem
193 1314 332 1389 testum
364 1313 526 1410 sculptis¹
544 1311 773 1389 lacunaribus
807 1313 944 1390 conser-
1083 1346 1090 1363 =

78 1438 126 1491 rm
164 1416 353 1510 totumque
394 1433 482 1488 auro
520 1410 697 1508 purissimo
730 1426 945 1511 coopertum
1044 1436 1047 1441 ·
1081 1474 1084 1481 .

78 1515 245 1590 diversam
263 1511 451 1589 Basilicam
472 1511 812 1609 velut-quibusdam
835 1514 946 1589 radiis
1049 1532 1052 1537 ·
1088 1528 1094 1539 ’

78 1613 229 1689 ›lendere
254 1605 420 1690 faciebat.
472 1613 582 1687 Porro
605 1615 653 1687 ad
677 1624 870 1710 utrumque
891 1613 1104 1712 la·1cop.37.

78 1734 106 1787 rs
128 1713 282 1809 geminae
299 1712 458 1808 porticus
483 1725 557 1786 tam
580 1709 817 1787 subterraneae
838 1736 947 1810 quam
1007 1744 1011 1752 ·
1073 1746 1089 1753 ··

78 1834 149 1912 ipra
175 1820 305 1886 tetram
328 1814 527 1886 eminentes
550 1812 664 1886 totius
680 1810 843 1888 Bafilicae
868 1812 948 1887 lon·

79 1912 245 1986 tudinem
280 1911 497 2006 aequabant,
538 1932 687 2006 quarum
720 1933 948 1987 concamera-

78 2033 167 2083 nnes
194 2031 281 2084 auro
304 2011 449 2105 perinde
475 2010 623 2085 variatae
647 2008 745 2083 sunt:
786 2009 844 2084 Ex
869 2009 948 2100 his,

78 2131 129 2184 rae
145 2110 182 2183 in
197 2109 316 2183 sronte
331 2108 494 2184 Basilicae
512 2121 638 2198 erant,
663 2110 870 2203 ingentibus
887 2133 948 2183 co·

78 2209 182 2283 mnis
207 2208 468 2295 fulciebantur,
507 2229 591 2304 quae
621 2230 708 2281 vero
736 2208 947 2297 interiores,

78 2306 150 2381 eliis
184 2330 317 2403 magno
358 2307 458 2383 cultu
500 2305 636 2382 ornatis
677 2305 946 2385 sustinebantur.

78 2421 168 2482 urtae
193 2418 268 2480 tres
288 2406 335 2482 ad
352 2408 532 2482 orientem
543 2406 653 2481 solem
672 2417 755 2503 apte
773 2405 947 2504 disposrtae

78 2505 306 2582 troeuntiurn
329 2505 471 2580 turbam
498 2518 726 2602 exceperunt.
779 2505 946 2602 Eregioe
975 2514 1101 2602 sapui.

78 2629 92 2679 e
126 2605 255 2679 harum
288 2617 472 2701 portarum
514 2617 593 2679 erat
628 2602 945 2699 hemisphaerium,

78 2705 146 2779 aod
171 2705 283 2778 totius
304 2705 422 2800 operis
446 2716 554 2799 capnt
569 2703 639 2790 est,
665 2720 780 2799 usque
803 2705 851 2779 ad
869 2705 946 2780 cul·
1017 2760 1022 2775 ,

78 2826 133 2877 len
146 2801 307 2879 Basilicae
321 2810 549 2899 protentum:
576 2801 785 2897 cingebatur
803 2803 841 2878 id
856 2801 947 2879 duo·

78 2901 165 2977 ecim
184 2901 365 2975 columnis
387 2923 451 2998 pro
476 2922 627 2975 numero
649 2901 846 2978 sanderum
863 2902 946 2978 Ser·

78 3000 184 3076 atoris
208 2999 314 3075 nostri
335 2998 609 3098 Apostolorum,
655 3021 805 3097 quarum
829 3003 948 3096 capita

78 3098 217 3175 laximis
237 3100 433 3177 crateribus
458 3098 638 3194 argenteis
663 3113 800 3175 ornata.
851 3098 949 3177 Hinc
978 3111 1102 3195 calpa·

78 3198 94 3274 i
110 3221 175 3273 eos
194 3198 334 3286 aditus,
361 3199 420 3292 qui
447 3213 531 3274 ante
549 3198 724 3295 templum
742 3198 842 3287 sunt,
866 3221 946 3297 pros

78 3297 290 3373 redientibus
315 3317 436 3371 aream
462 3299 681 3394 interposuit.
747 3298 861 3374 Erant
883 3320 946 3373 au·

78 3420 123 3472 nn
149 3395 187 3471 in
204 3419 247 3470 eo
263 3397 344 3469 loco
360 3399 515 3493 primum
539 3399 693 3486 atrium,
719 3396 849 3474 deinde
866 3417 946 3496 por·

78 3517 141 3571 cus
176 3495 223 3569 ad
253 3508 446 3592 utrumque
478 3497 599 3570 latus:
642 3496 716 3592 post
742 3500 808 3570 has
833 3498 947 3572 totius
979 3583 982 3589 ,

78 3594 168 3693 peris
188 3592 359 3668 vestibula
381 3595 419 3667 in
435 3596 555 3669 media
575 3594 714 3693 platea,
739 3595 774 3667 in
797 3616 867 3690 qna
891 3598 946 3669 so·

78 3716 130 3773 tm
153 3690 204 3770 est
231 3712 351 3770 rorum
375 3692 568 3771 venalium.
615 3690 698 3770 Hoc
720 3692 830 3790 igitur
854 3708 947 3768 tem·

817 3789 946 3893 „plum
