2446 4350
155 180 161 189 ’
219 198 224 299 ἱ
265 154 350 323 ¹112
409 238 420 295 1
473 158 942 333 ''ausmcoeprnnfls
985 156 1026 309 J
1072 238 1122 253 -·

264 401 383 496 „stum
407 400 671 503 Praeceptotem
695 424 780 476 enm
805 422 868 475 eas
896 398 1084 493 docuisse,
1110 400 1198 500 ”qun

264 502 413 611 „potius
428 523 476 573 ex
489 500 565 575 vita
582 499 835 597 discipulorum
848 496 933 596 ejus>
944 512 1110 597 apparet,
1124 502 1199 599 plm

215 675 218 681 ,
263 601 404 695 „timos
423 598 462 676 dt
487 600 585 677 vitos
603 599 641 675 dt
657 598 829 673 mulieres
848 598 886 672 in
903 598 1199 699 perpetuaaiagi'-

263 700 407 791 „nitate
424 701 564 781 vivere,
587 698 792 773 divenditas
821 695 1042 794 poffeffiones
1070 721 1201 799 paupe-

263 796 392 889 „ribus
413 797 614 894 impertiri,
648 798 745 893 qnod
776 794 857 871 sane
879 796 1201 893 -praestigiatotibn't

263 922 365 989 „non
383 894 568 993 competit.
596 895 736 970 Deinde
752 896 929 991 numquid
946 898 1085 992 primus
1098 896 1206 987 Cirri-¹

264 995 365 1087 „stus
397 994 444 1072 &1
469 993 565 1071 solus
597 993 725 1081 harum
753 993 1010 1093 praestigiarum
1032 997 1217 1083 incentat,

222 1162 226 1169 .
264 1095 429 1188 „extitin
440 1116 487 1171 an
503 1116 589 1169 vero
602 1097 650 1169 ad
658 1094 753 1190 ipsos
770 1108 1009 1190 praeceptores
1025 1096 1136 1173 initia
1146 1118 1207 1173 re«

267 1192 371 1285 „fere
391 1192 563 1291 oportet?
600 1193 624 1267 fi
649 1192 750 1267 nullo
775 1193 928 1267 docente
953 1194 1049 1269 solus
1071 1194 1111 1273 dt
1132 1195 1204 1293 pri·

267 1315 379 1385 „mna
396 1294 563 1369 inventor
583 1291 652 1368 fuit
667 1292 775 1389 hujus
791 1291 939 1390 incepti,
959 1314 1023 1367 cur
1052 1318 1129 1371 non
1149 1294 1204 1371 di·

267 1393 417 1484 „vinam
432 1391 486 1467 illi
504 1393 662 1467 tribuere
682 1406 848 1483 naturam
864 1404 1043 1487 oporteat,
1060 1392 1206 1490 qui-dua

266 1489 419 1589 „sponte
441 1491 569 1568 talium
596 1492 914 1566 rerumtinventor
941 1492 1086 1580 extitit,
1115 1514 1209 1591 quaa

141 1595 150 1610 “
267 1613 443 1683 „omnem
459 1603 626 1667 naturam
643 1589 818 1686 superant.
883 1587 937 1666 At
962 1592 1061 1666 enim
1087 1590 1210 1689 magi«

267 1689 382 1782 „stros
409 1689 515 1766 illum
543 1690 634 1765 dicis
665 1689 822 1765 habuisse
852 1689 1060 1787 impostores
1087 1690 1207 1791 AEqu

267 1792 403 1881 „ption
449 1789 588 1866 Verum
608 1810 671 1864 cur
693 1789 756 1863 alii
785 1789 877 1865 nulli
904 1802 990 1865 ante
1013 1789 1120 1865 illum
1142 1780 1206 1889 ipii

267 1886 428 1980 „slmiles
450 1887 512 1963 visr
529 1887 565 1963 dt
585 1887 762 1982 divulgati
781 1887 882 1974 sunt,
906 1888 968 1984 qui
987 1888 1076 1963 talia
1094 1891 1209 1977 mirae

268 1987 382 2076 „bilia
406 1986 608 2077 ediderint,
641 2009 794 2082 quorum
816 1987 979 2084 discipuli
1003 1986 1212 2093 dodiqinatqt¹

265 2085 347 2176 '„sui
365 2085 523 2179 Magistri
545 2076 655 2159 effuso
682 2085 850 2180 sanguine
874 2086 1144 2175 confirmarint,
1166 2086 1210 2167 dt

271 2184 362 2281 „qui
388 2183 489 2278 leges
516 2182 596 2259 suas
627 2182 930 2280 superstitionibus
954 2186 1115 2282 antiquis
1139 2180 1205 2263 ad·

269 2282 417 2376 ‚‚versas¹
432 2284 469 2357 in
486 2294 605 2359 totum
620 2284 744 2359 orbem
758 2281 1070 2359 disseminaverint.
1105 2284 1205 2361 item

269 2383 379 2479 „quis
396 2404 565 2477 unquam
586 2383 678 2458 vidit
700 2382 974 2479 praestigiatores
998 2406 1042 2458 ac
1069 2382 1209 2467 veneti.

243 2502 362 2574 ‘,·,cos
379 2479 452 2567 sine
478 2479 671 2566 sacrificiis,
696 2482 978 2578 doemonumque
1000 2482 1207 2581 invocatinq.

267 2605 341 2671 „ne
369 2581 568 2678 quidquam
596 2579 800 2677 operatos?
849 2605 934 2657 cnm
962 2595 1110 2657 econtra
1134 2604 1209 2659 noa

246 2686 256 2696 ’“
268 2680 371 2779 „ipso
389 2681 468 2780 Jesu
493 2681 639 2755 nomine
661 2679 710 2755 &'
723 2677 911 2777 puriffimis
936 2680 1103 2776 precibus
1123 2674 1208 2761 oin-f

269 2802 382 2871 „nem
399 2779 609 2855 daemonum
629 2783 861 2855 vexationem
882 2779 1084 2875 abigamus.

138 2950 141 2956 ⁵
223 2968 224 2972 ¹
342 3000 377 3070 q.
396 2972 554 3063 „Quodsi
570 2974 725 3072 denique
742 2974 850 3049 fidem
869 2974 927 3050 his
941 2928 1110 3051 omnibns
1128 2992 1204 3053 non

124 3048 127 3053 ¹
144 3042 147 3047 Ι
268 3073 446 3166 „habeam
462 3058 654 3171 Po'rpbyrii
671 3074 797 3150 saltem
814 3074 1054 3150 testimonium
1071 3076 1096 3155 l.
1109 3102 1144 3171 3.
1156 3076 1204 3153 dc

269 3170 547 3264 „philotedis
568 3173 674 3259 audi,
701 3175 764 3248 ubi
789 3173 957 3258 testatur,
983 3174 1081 3270 quod
1097 3174 1204 3263 Chre

269 3272 386 3363 „stum
417 3272 469 3347 dii
497 3271 634 3347 summe
660 3269 863 3368 religiosum
887 3273 1203 3371 immortalemque

167 3452 173 3457 ,
269 3370 542 3469 „prodiderunt
593 3371 718 3444 Habes
743 3371 1009 3468 ergonostrum
1034 3372 1209 3471 Salvatq.

270 3494 375 3561 „rem
399 3493 472 3553 non
488 3467 801 3566 praestigiatorem,
827 3466 887 3545 sed
907 3470 1043 3545 summe
1058 3471 1204 3567 religio·

196 3610 200 3616 ·
271 3567 460 3659 „snm‚.&
481 3569 543 3665 qui
565 3569 650 3643 talis
671 3569 760 3656 fnit,
793 3591 951 3666 quanam
967 3572 1043 3645 alia
1060 3573 1214 3647 ratione·

224 3764 227 3769 ⁵
271 3665 567 3759 „admirabilium
596 3665 774 3751 fattorum
797 3669 937 3749 author
968 3668 1036 3746 esse
1068 3668 1211 3785 potnit

1108 3760 1201 3864 „md
