2422 4350
19 207 21 211 ’
170 174 283 337 ’.ςέο
430 211 610 336 nasae
643 166 930 361 casianusx

296 380 729 482 accinsias'r'icin
770 388 1045 466 uisrouiu

360 548 364 560 ·
504 529 717 607 uinea
766 528 897 643 vi„

19 722 127 797 mm
159 696 163 705 ’
204 728 239 781 ι.
263 704 435 831 „porro
468 719 553 774 curn
578 693 737 774 Severus
766 695 1054 794 persecutionem
1077 695 1135 773 ad.

19 807 178 899 parsecuti·
243 815 245 819 ·
378 797 527 890 „versus
545 795 742 873 Ecclesiam
759 795 966 879 excitasset.
988 815 1053 885 per
1067 819 1135 871 oin·

57 912 122 977 ΜΡ.
133 911 165 959 1·
201 895 295 992 „ries
311 896 490 974 Ecclesiae
506 896 655 972 illustria
671 896 752 971 sunl
770 895 934 972 consesia
949 895 1134 991 martyria:

95 1000 105 1051 ἲ
201 999 409 1098 „praecipue
443 1010 568 1072 tamen
594 980 831 1072 Alelandriae
865 995 1135 1083 increbuerunt,

201 1121 302 1196 ‚.quo
321 1121 369 1172 ex
384 1095 549 1172 universa
565 1094 729 1194 AEgypto
745 1118 790 1171 ac
805 1094 992 1178 Thebaide
1010 1091 1153 1167 ieritis·-

31 1192 39 1211 '
157 1262 163 1269 .
201 1199 282 1295 „mi
303 1195 446 1295 pugiles
468 1195 758 1272 deducebantur:
783 1193 885 1271 inter,
902 1212 998 1293 quos
1015 1192 1138 1267 Leoni·
1163 1220 1170 1297 p

59 1336 62 1343 ·
204 1297 299 1389 „des
317 1295 485 1391 origenis
505 1306 608 1391 pater
629 1296 747 1393 capite
771 1304 961 1394 truncatus
986 1290 1140 1389 supradi-
1163 1354 1170 1393 ¹

23 1418 172 1516 ΟΜ,
206 1395 329 1493 „ilum
353 1395 470 1470 silium
486 1392 682 1489 Origenem
709 1393 910 1470 admodum
935 1388 1170 1493 adolescun-¹

19 1519 155 1607 mm
208 1509 312 1587 „tem
343 1493 512 1588 reliquit,
551 1490 655 1589 cujus
687 1495 850 1570 animum
892 1489 1017 1569 adhuc
1047 1490 1170 1588 pueri,

61 1620 129 1685 cap.
138 1620 171 1667 2·
206 1606 339 1687 „tanta
367 1592 501 1689 cupido
527 1593 720 1693 occupavit
747 1590 941 1689 martyrii,
975 1603 1020 1666 ut
1050 1589 1170 1699 ultro¹

207 1696 373 1787 „irruere
395 1694 442 1768 ad
467 1702 652 1788 certamen
678 1691 839 1789 gelliret3
869 1690 945 1791 jum
970 1712 1072 1766 more
1092 1689 1140 1765 illi

209 1793 406 1893 „proxima
441 1791 678 1881 imminebat,
719 1788 783 1868 nisi
817 1790 887 1878 Dei
914 1788 1139 1867 Providentia

207 1893 477 1992 „plurimorum
509 1889 661 1967 utilitati
698 1888 888 1966 consulem
922 1911 989 1988 per
1021 1890 1138 1965 matrir

197 1990 474 2085 „ministerium
490 1991 666 2088 impeturn
693 1988 792 2066 illius
809 1986 1041 2077 cohibuisset,
1066 2011 1135 2086 quie

210 2094 396 2208 „primum
421 2089 652 2191 supplicando
678 2089 854 2186 rogabat,
887 2087 1019 2165 deinde
1047 2103 1132 2187 patre

206 2213 279 2283 ·„in
303 2188 448 2267 vincula
476 2186 654 2286 conjesio,
693 2188 900 2267 abscondita
924 2187 1027 2264 omui
1049 2188 1132 2264 illiui

156 2314 159 2319 ’
212 2290 336 2382 „velle
352 2289 451 2363 domi
468 2312 615 2365 manere
630 2289 786 2366 invitum
803 2287 941 2384 coegit:
967 2288 1071 2364 Unde
1084 2289 1131 2364 lit·

50 2470 56 2481 ,
212 2401 337 2482 ,ueras
363 2388 411 2464 ad
435 2402 576 2486 patrem
605 2385 720 2478 misit,
755 2389 923 2465 hiscum
951 2387 1069 2463 verbis
1095 2388 1144 2465 id·

208 2491 458 2590 ‚,martyrium
481 2486 705 2563 admonens:
745 2489 845 2565 Cave
866 2488 919 2565 mi
948 2497 1067 2583 patei,
1096 2510 1129 2563 ne

89 2618 94 2625 ·
204 2587 358 2679 '„uolira
393 2585 499 2662 causa
527 2586 741 2663 sententiam
771 2601 904 2683 mutes.
955 2586 1035 2685 Jam
1061 2604 1128 2661 rum

27 2756 33 2765 ,
212 2698 364 2777 „autem
388 2686 426 2761 iii
451 2685 584 2760 divinis
599 2686 798 2786 Scripturis'
820 2710 893 2762 uon
919 2685 1126 2763 mediocriter

101 2850 104 2855 .
212 2786 462 2877 „exercitatus
484 2798 585 2872 erat,
615 2787 654 2860 in
680 2787 923 2885 quibuscum
949 2799 1050 2882 pater
1071 2808 1125 2861 noi

211 2883 478 2983 „persunsiorie
504 2884 671 2961 erudivit.
723 2885 864 2983 Quippe
890 2897 978 2961 ante
1003 2885 1124 2959 Gratu-

211 3004 321 3076 „ruin
346 2983 548 3061 litterarum
573 2983 731 3061 studium
757 2983 863 3061 sacris
888 3006 974 3059 eum
996 2981 1123 3079 discipl·

210 3084 296 3173 „nis
325 3082 487 3157 exemeri
519 3085 772 3180 praecipiebat,
805 3082 995 3182 quosdam.
1015 3082 1122 3159 diviua

210 3181 436 3281 „Scripturae
465 3183 568 3257 locos
589 3186 779 3260 memoriae
802 3182 976 3258 mandare
995 3179 1122 3279 jubeor,

208 3282 302 3455 »ἓέιί
328 3279 553 3356 libentissime
586 3282 625 3357 in
652 3283 733 3358 haec
758 3282 871 3359 studia
896 3281 1123 3369 incumbebat.

59 3386 63 3394 '
208 3432 234 3470 ‚‚
314 3380 543 3455 rosundiores
554 3379 632 3479 jam
660 3394 748 3457 tunc
765 3379 884 3457 sensus
904 3380 1122 3467 scrutabatur.

207 3403 414 3593 „scibimus
443 3502 489 3552 ex
507 3496 629 3578 patre,
662 3482 750 3577 quid
775 3480 951 3556 sententia
975 3480 1147 3556 divinius·

59 3609 63 3621 ·
164 3614 171 3641 ε
206 3577 414 3673 „inspiratae
431 3577 628 3676 Scripturae
654 3579 888 3676 significaret:
915 3579 979 3657 ille
1002 3602 1078 3655 vero
1096 3582 1124 3652 iii

206 3673 389 3776 „speciem
419 3679 565 3776 quidem
588 3702 745 3781 puerum
772 3678 1013 3779 objurgabat,
1049 3679 1124 3753 clam

316 3826 319 3831 ·
366 3816 389 3845 ’9
445 3838 449 3849 .
598 3817 601 3821 '
644 3788 660 3851 r.
999 3790 1124 3873 ‚piamen
1168 3854 1170 3869 Ι

1168 3910 1170 3945 Ι
