2446 4350
108 338 112 352 .
231 220 317 308 616
483 142 634 329 Ertsebii
662 153 897 329 ¹Ccefitrienfit
1196 39 1209 267 Ι

236 371 458 495 „coelummt
494 397 557 473 Ad
586 396 683 495 quod
713 395 786 496 ipse
814 396 1028 475 universum
1061 416 1183 498 genua,

200 532 210 555 ·
235 504 461 592 „humanum
482 499 634 582 incitat,
666 495 737 572 hac
757 494 891 573 fiducia
916 496 1092 598 bonaque
1116 497 1167 599 ipe

66 642 73 686 ·.
120 650 124 655 -
238 600 433 692 „omnibus
458 594 645 675 ostentata.

39 809 197 881 ‚inrua-
249 777 257 789 ⁰
313 823 351 895 4.
380 791 520 891 „enjus
542 788 688 886 quidem
710 791 781 893 spei
799 789 1169 892 notteehiclmpen-

58 894 136 955 toris
151 892 218 953 uir-
241 900 326 986 „tor
345 896 456 970 etiam
483 895 521 969 in
542 892 613 968 hac
638 892 713 968 vita
739 890 781 967 lit
804 891 1012 990 particeps,
1047 893 1168 1065 W
1198 914 1205 929 ·

58 983 135 1038 Μ’
240 993 328 1091 „qui
351 992 486 1068 innatis
509 991 702 1068 virtutibus
728 1014 751 1067 a
773 990 853 1065 Deo
880 1002 1091 1067 exornatur
1127 1004 1168 1075 tt,

96 1069 205 1140 ’Μ’
239 1092 402 1187 „etenim
430 1088 616 1165 rationalis
647 1089 793 1186 quidem
824 1087 956 1164 estex
983 1086 1169 1166 uuiverlall

239 1192 408 1295 „ratione
419 1212 431 1281 ;
466 1188 604 1285 sapiens
630 1210 716 1263 vero
739 1188 1022 1286 participatione
1046 1189 1170 1264 divino

239 1288 471 1387 ‚‚lapientiae:
503 1290 618 1363 bonus
634 1288 807 1363 imitatis
824 1286 927 1362 illius
945 1286 1169 1364 commuuio·

241 1410 336 1480 „nez
357 1385 469 1484 julius
490 1386 590 1462 illius
604 1386 875 1483 participatione
887 1384 1065 1481 iustitiae:
1087 1400 1171 1461 tem·
1211 1408 1213 1431 ¹

242 1507 400 1586 „perans
418 1508 465 1558 ex
481 1486 548 1560 illo
561 1487 809 1582 temperantiae
823 1486 1050 1584 exemplari3
1076 1483 1171 1560 fortia
1209 1514 1213 1609 p

243 1605 360 1677 „vero
386 1583 520 1660 divinae
550 1585 695 1659 virtutis
729 1583 914 1661 beneficio.
991 1584 1069 1659 Hic
1094 1604 1174 1678 ergo
1211 1620 1213 1629 ·

138 1691 145 1701 ’
238 1684 565 1785 ·‚‚Jurelmperator
579 1682 785 1769 vocabitur,
812 1683 877 1781 qui
890 1684 1063 1760 animum
1079 1680 1173 1758 fuum
1211 1740 1213 1763 .

244 1782 442 1874 „orrznibus
457 1784 629 1856 virtutum
647 1781 846 1868 coloribus,
873 1784 922 1857 ad
938 1782 1099 1857 coelestis
1113 1782 1174 1855 iut-v
1210 1772 1213 1891 Ι

246 1881 363 1979 „perii
378 1880 643 1955 limilitudinem
661 1879 819 1965 effinxit,
844 1881 906 1977 qui
922 1896 1054 1972 autem
1071 1904 1175 1976 oppo-
1211 1906 1213 1949 l

245 1978 348 2070 „fitis
369 1978 463 2051 vitiis
483 1982 708 2075 mancipatus
724 1980 853 2075 luent,
878 1978 966 2054 licei
988 1981 1176 2077 tyrannica

220 2076 446 2175 jurulentia
471 2078 647 2152 dominari
675 2079 862 2164 videatur,
902 2100 1035 2153 revera
1059 2094 1175 2156 tamea

106 2242 109 2247 .
247 2174 473 2271 „Imperator
493 2176 689 2272 numquam
712 2178 842 2251 merito
863 2176 1020 2252 dicetur.
1071 2178 1176 2254 Solus

247 2297 361 2369 „ergo
394 2274 454 2347 hic
483 2276 597 2349 noller
624 2278 816 2370 imperator
846 2298 953 2350 verus
979 2276 1177 2373 imperator
1211 2354 1213 2371 ἶ

247 2372 509 2469 ,,ριέεάἱοεῑιιτ,
534 2376 593 2469 qui
613 2374 706 2447 solua
727 2375 819 2448 liber
838 2373 896 2450 seu
914 2377 1034 2470 reipsa
1057 2374 1176 2451 Domi·
1206 2382 1213 2411 ''

246 2496 344 2561 „nus
369 2471 439 2557 est,
477 2475 537 2567 qui
560 2473 597 2548 δι
623 2475 851 2568 pecuniarum
881 2475 1113 2570 cupiditate,
1142 2472 1175 2548 δι
1211 2558 1213 2565 ,

246 2570 468 2661 „mulierum
496 2593 622 2645 amore
642 2571 797 2670 superior
816 2571 885 2658 est,
923 2575 987 2669 qui
1015 2599 1091 2649 non
1113 2573 1175 2648 in·

247 2668 420 2759 „cundiae
442 2667 663 2766 succumbit:
686 2673 748 2767 qui
774 2673 820 2746 ad
843 2672 1071 2766 primitivum
1093 2667 1174 2749 illut

246 2767 461 2863 „exemplar
493 2767 620 2842 summi
651 2771 812 2844 omnium
840 2773 1078 2866 lmperatoris
1109 2766 1173 2844 eu

195 2916 198 2921 ·
248 2864 354 2955 „llus
377 2865 444 2950 eli,
479 2864 516 2941 tit
534 2865 680 2944 effusum
706 2894 752 2942 ex
777 2868 844 2943 illo
861 2871 1041 2946 virtutum
1069 2869 1173 2967 splen·

248 2963 403 3054 „dorem
421 2963 518 3037 velut
538 2967 575 3039 in
592 2966 735 3064 speculo
750 2969 877 3053 refert,
902 2992 949 3043 ex
967 2968 1030 3043 hia
1048 2969 1173 3044 forma·

247 3076 356 3152 ‚,tns‚
379 3075 605 3158 temperans,
629 3066 766 3154 bonus,
785 3065 917 3161 julius,
939 3068 1073 3159 furtis,
1089 3069 1174 3165 plur,

248 3173 416 3251 „amator
434 3161 519 3248 Dei,
542 3163 690 3260 sapiens.
763 3165 835 3240 Hic
857 3188 941 3242 vere
958 3167 1173 3265 imperator,

209 3326 216 3354 -.
248 3258 338 3352 „qui
370 3258 475 3333 noiiu
504 3276 613 3358 atque
639 3265 795 3355 interdiu
823 3264 1004 3339 coelestem
1036 3266 1175 3339 invocat

249 3368 436 3452 „patrem
461 3362 522 3453 qui
544 3361 695 3437 coelestis
719 3363 821 3457 regni
844 3362 972 3458 flagrat
993 3361 1172 3440 desiderio.

247 3455 349 3546 „Sed
376 3455 653 3554 &populorum
691 3461 970 3537 acclamationes
1003 3460 1043 3537 ὅ(
1072 3476 1173 3539 voces

102 3585 103 3588 Ν
243 3552 502 3643 „adulatorum
533 3560 705 3636 molestiae
738 3561 856 3657 magis
888 3561 1043 3662 deputat
1071 3581 1171 3658 quam

247 3653 467 3752 „VOl'liptativ
942 3742 945 3749 Ι
976 3688 979 3693 '
1014 3712 1017 3717 ·
1062 3742 1083 3751 ..
1148 3708 1152 3712 ’

222 3786 230 3801 ·
542 3769 544 3773 ’
1004 3783 1041 3855 5.
1066 3757 1169 3850 „Por-
