2422 4350
272 256 409 328 eonem
439 200 683 327 marcatum
700 233 826 327 Lrler
846 236 878 326 1.
957 222 1040 353 '151

56 474 61 491 ‚
107 423 199 515 „Dei
216 404 330 520 longe
345 424 518 523 quiddam
534 421 759 520 praestantius
776 412 954 511 exhibuit,
968 447 1041 521 qua
1174 478 1177 501 .

105 523 339 615 „edocemur
361 523 467 600 illum
486 523 600 622 iprum
615 522 894 602 Deum-'Patrem
912 537 1038 598 extare

82 672 86 677 -
105 623 309 717 „unigeniti
325 622 428 715 filii,
477 627 515 702 ui
531 625 706 701 veriffime
724 623 837 701 Filius
859 622 914 709 stt,
931 624 1036 703 vivus

103 720 260 813 „existat
291 722 330 801 δι
361 648 576 814 subulcos,
610 748 695 800 nam
720 722 1036 822 'quemadmodum

56 850 58 869 =
103 821 234 913 „Pater
262 826 365 899 uirum
386 827 422 900 in
435 823 543 924 seipso
566 821 672 910 iubet,
694 828 743 899 ita
763 847 885 921 quoque
903 825 937 899 ἐκ
945 821 1036 923 srip-

103 919 164 1021 „so
181 920 292 998 iilius
307 921 401 998 tabet
419 927 541 1005 vitam
578 936 620 998 ut
634 925 686 1001 ita
705 925 812 998 Pater
827 946 910 999 uere
928 925 1037 999 Pater

56 1044 73 1117 p
102 1020 282 1112 „existat‚
309 1022 348 1098 δι
363 1036 405 1098 ut
421 1023 450 1098 F
450 1024 535 1099 ilius
545 1020 596 1099 -fit
619 1022 731 1121 reipsa
751 1023 876 1098 Filius.
929 1023 1037 1113 Quis·

56 1138 67 1189 t
151 1125 210 1195 uis
233 1133 358 1197 autem
381 1122 513 1199 Filium
537 1122 676 1198 nudum
690 1122 761 1196 elle
777 1123 937 1198 Verbum
959 1122 1037 1196 exi·

101 1268 128 1310 „
156 1221 339 1309 ‘maveriu
360 1220 399 1297 uc
418 1222 510 1297 illud
528 1221 783 1297 tantummodo
802 1220 967 1308 extitiffe‚
980 1222 1038 1295 in·

74 1344 77 1349 ·
105 1332 189 1407 „tus
220 1319 312 1394 dum
336 1320 564 1410 consisteret,
589 1319 792 1417 quiescente
816 1321 877 1397 suo
907 1321 1036 1409 Patre,

104 1432 321 1515 „operatam
338 1442 438 1507 vero,
463 1442 547 1495 oum
564 1434 747 1495 creaturas
766 1418 953 1517 effigiaret.
974 1442 1037 1517 pe·
1073 1508 1078 1519 ι

106 1517 234 1606 „rinde
250 1541 295 1592 ac
312 1519 355 1593 -in
375 1519 582 1596 hominibus
599 1518 687 1593 solet
704 1519 791 1606 fieri,
807 1521 869 1595 ubi
883 1520 922 1594 in
938 1519 1040 1615 quie·

105 1615 313 1705 „scentibus
343 1620 478 1695 otiatur
507 1617 685 1706 verbum,
722 1635 890 1715 operatur
914 1631 1040 1692 autem
1085 1692 1088 1697 ,
1203 1651 1208 1657 ·

108 1718 166 1807 „in
197 1715 454 1811 loquentibus,
486 1716 520 1794 is
550 1717 727 1815 conspirat
753 1742 836 1793 cum
866 1717 1043 1792 sententia

108 1814 362 1914 ‚,Judaeorum‚
388 1819 614 1913 abnegatque
640 1841 686 1891 eu
737 1869 748 1902 ,
784 1817 846 1913 qui
873 1837 958 1892 vere
982 1814 1043 1892 Fi.
1171 1874 1182 1881 ,,

110 1915 204 2005 „lius
229 1910 299 1988 Dei
324 1912 400 1998 est.
426 1939 509 1990 cum
531 1928 678 1990 econtra
734 1914 858 1989 cclefia
889 1908 1042 2002 doceat,

56 2066 62 2079 .
110 2013 252 2103 „Deum
272 2012 323 2088 sui
343 2013 425 2093 Filii
442 2015 618 2108 unigeniti
635 2013 702 2088 elle
717 2015 877 2103 Patrem,
893 2036 1043 2089 nonau·
1101 2068 1109 2095 ,,
1182 2044 1186 2051 ’

56 2102 70 2175 ’-
108 2126 206 2201 „tem
225 2110 374 2187 Patrem
399 2108 466 2188 eise
483 2114 635 2199 Filium,
658 2113 717 2188 vel
735 2112 866 2188 Filium
889 2111 957 2187 elie
972 2113 1043 2188 Pa·
1113 2138 1116 2143 ·

56 2266 70 2275 ,
112 2226 248 2299 „treme
291 2212 401 2286 Hunc
423 2212 491 2285 effe
514 2213 739 2306 ingenitum,
766 2227 944 2287 aeternum
969 2211 1042 2287 stne

56 2363 74 2393 .-,
112 2311 310 2407 „principio
340 2311 378 2386 δι
403 2311 516 2386 solum
541 2312 686 2386 Patrem
711 2312 963 2386 adorandum:
995 2311 1043 2384 ll·

56 2460 74 2507 .:
111 2411 208 2497 „lum
235 2433 259 2484 a
281 2411 388 2485 Patre
407 2409 467 2485 suo
492 2412 678 2505 genitum,
704 2410 966 2496 subsistentem,
989 2409 1043 2484 so·
1069 2487 1073 2508 ,

56 2559 72 2609 3
110 2509 208 2596 ,lum
235 2508 370 2584 Filium
394 2509 431 2584 &
453 2510 698 2603 unigenitum,
727 2510 844 2584 Deum
862 2532 1041 2596 veracem,

109 2620 260 2704 „utpote
287 2632 371 2682 cum
390 2609 458 2682 Dei
481 2607 607 2682 existat
624 2609 750 2682 Filius.
813 2610 935 2704 Siquis
955 2612 1043 2704 erg'o

59 2776 60 2785 ,
108 2707 270 2796 „audeat
294 2706 367 2780 istis
389 2707 629 2792 obnunciare‚
655 2707 841 2782 &Filium
863 2706 1068 2782 subsistam.

56 2850 58 2861 =
109 2821 208 2894 „tem
233 2818 361 2900 neget,
387 2829 541 2901 eumque
561 2823 646 2880 ante
669 2828 785 2879 annos
811 2807 966 2880 necdum
986 2819 1042 2880 to*

56 2996 59 3007 Ι
107 2928 191 2993 „tos
203 2906 488 3001 quadringentos
510 2929 654 2980 carnem
670 2903 937 3001 assumpsisse&
954 2919 1042 2982 tunc

62 3022 65 3027 ·
108 3005 292 3100 „primum
305 3004 372 3078 Dei
391 3003 505 3078 filium
524 3005 675 3079 extitille
696 3006 806 3089 dicat,
828 3002 961 3100 impius
980 3004 1041 3079 est.

108 3104 242 3192 „Quod
267 3118 390 3177 autem
410 3103 570 3179 Christus
591 3105 711 3178 nudus
735 3103 846 3177 homo
870 3129 943 3177 non
964 3105 1046 3180 fue·

108 3206 179 3290 „rit
199 3202 355 3276 ostendit
375 3201 568 3298 Apostolus
598 3201 678 3277 Gal.
694 3231 724 3277 1.
744 3228 774 3275 u.
795 3229 850 3279 11.
879 3204 1046 3298 Evange-

108 3303 225 3391 „lium
250 3301 351 3376 suum
379 3329 442 3375 nou
465 3299 522 3399 effe
535 3301 711 3401 secundom
732 3300 889 3376 haurirem
914 3300 1044 3399 &cap

109 3429 169 3497 „4.
197 3402 283 3499 mistl
307 3396 398 3474 Deus
422 3399 663 3498 Piliam-fuum.
742 3398 835 3474 Haec
859 3401 938 3475 sunt
961 3399 1044 3487 illa,
1131 3400 1133 3405 ’

109 3523 219 3596 „quae
254 3501 410 3574 breviter
452 3525 498 3575 ex
530 3500 602 3598 ipsa
635 3498 679 3572 ad
710 3498 862 3573 Galatas
900 3497 1047 3593 epistola

110 3600 386 3697 „proponimum
419 3601 553 3694 inqua
581 3598 666 3672 fidei
685 3594 848 3672 salutaris
872 3597 937 3673 illa
965 3620 1048 3693 my·

110 3698 222 3789 „stica
252 3698 458 3776 continetur
485 3696 710 3870 regenppatio
743 3697 952 3773 innomine
978 3697 1050 3810 Pa·

653 3821 679 3892 4
957 3808 1082 3887 ,‚trls.
