2422 4350
144 188 780 365 12c'ouueuarufeuutsuam.
842 194 959 345 ,ast
997 190 1002 195 ’

92 410 205 493 nutem
219 410 383 488 tutaberis
402 408 571 511 insanitis
586 410 693 511 isreel
704 416 733 487 .·'
765 409 806 487 δι’
826 414 957 490 exuito-
1077 408 1080 415 ’

76 525 124 603 uu
141 516 250 609 iuopes
266 526 396 608 gentes
409 534 542 607 aquam
562 509 722 587 fidentes
738 504 849 588 Verbi
863 512 958 590 salu·

76 633 115 700 u,
143 611 274 709 quibus
289 612 329 731 ip
341 612 526 687 montibus
542 611 603 686 seu
620 610 778 686 Ecclesia
790 615 957 708 ,aperiam
1022 632 1025 637 ⁴
1107 664 1111 677 -
1161 624 1168 635 '

76 712 196 786 nmina
213 710 313 787 verbi
337 711 523 795 salutaris,
549 722 591 786 ut
611 709 719 787 instar
732 710 901 788 cedrorum
918 714 961 793 in

76 820 160 886 itum
182 810 357 885 virtutum
390 810 616 897 excrescant,
639 820 676 884 ut
699 809 851 900 videant,
876 837 957 909 quo·

76 913 133 983 ium
151 935 265 986 munus
275 909 412 985 Domini
422 911 507 1007 fecit
524 909 609 986 tec:
633 910 695 1007 qui
715 933 802 985 vero
820 911 858 988 in
874 913 957 989 infi·
1084 930 1087 935 “

76 1009 197 1085 elitate
222 1009 501 1107 permanserint,
541 1010 609 1084 iliis
638 1011 880 1110 appropinquat
896 1018 956 1111 ju·

76 1112 164 1185 icium
185 1108 275 1184 ficut
297 1109 484 1208 prophetae
500 1108 809 1206 praenuntiarunt,
851 1109 955 1189 ficati
1152 1185 1162 1197 ,

76 1208 237 1303 tChristi
266 1211 465 1287 adventum
501 1208 540 1285 δι
569 1206 836 1285 converfionem
866 1234 956 1307 gen·
1032 1273 1036 1281 .

76 1331 155 1399 unr3
187 1308 285 1405 quod
299 1309 486 1387 daemones
513 1334 587 1384 non
604 1321 820 1407 potuerunt,
844 1311 957 1386 adeo-
1148 1376 1151 1383 .

76 1432 111 1483 ue
126 1407 218 1482 salso
234 1431 299 1506 pro
317 1409 388 1484 diis
405 1409 599 1496 habentur,
626 1409 770 1504 quince
785 1406 870 1488 boue
886 1434 955 1489 nec
1021 1415 1028 1430 ⁶
1074 1503 1078 1509 ⁴

76 1509 132 1582 olo
152 1506 227 1584 sune
243 1505 382 1606 judicio
399 1508 469 1584 Dei
487 1508 621 1584 inferre
636 1507 787 1609 potsunt.
966 1604 970 1615 Ι
1109 1512 1112 1525 “

162 1772 165 1777 -
272 1712 688 1819 capunxuu.

80 1966 90 1985 .
176 1906 253 1984 noe
264 1934 349 2009 puer
362 1901 470 1999 meos,
486 1906 669 1995 cornus,
684 1884 864 2008 ufentem
879 1932 950 1986 um
970 1915 1075 2006 otuu

200 2009 296 2097 „&c.
313 2035 378 2086 ooo
391 2005 560 2096 clamabit,
569 2008 690 2105 quiete
697 2008 812 2084 vitam
828 2008 866 2082 in
874 2030 951 2084 car·
966 2007 1095 2073 virtutes
1127 2025 1131 2032 '

76 2108 297 2206 atransrget,
322 2108 499 2210 humilem
518 2109 678 2182 catomum
694 2106 875 2208 quoffotum
888 2133 952 2185 nou
969 2088 1118 2173 &im
1165 2118 1171 2127 '

76 2219 200 2296 uteret,
226 2207 266 2286 &
287 2209 478 2307 superbum
493 2209 595 2282 tinum
604 2209 780 2305 fumigans
795 2230 869 2280 non
885 2205 951 2282 sta·
1093 2240 1101 2264 ν

76 2332 108 2383 m
129 2310 317 2406 extinguet,
344 2309 459 2383 donec
478 2309 512 2380 iu
527 2308 662 2381 ueritate
669 2308 831 2404 judicium
839 2307 954 2401 serat:

76 2406 210 2483 entitur
227 2411 262 2483 iu
272 2409 417 2507 justitio,
434 2406 735 2496 corroborabitur,
761 2406 831 2483 erit
843 2407 881 2480 in
899 2409 952 2481 tu·
1039 2480 1044 2491 ,

76 2534 105 2581 m
123 2510 268 2605 gentium
282 2507 471 2583 &novum
499 2505 750 2604 Testamentum,
783 2517 826 2582 ut
843 2506 951 2583 ocutos
1068 2564 1071 2571 ·

76 2628 197 2682 ecorum
220 2606 419 2682 infidelium
439 2608 585 2709 aperiet,
627 2604 664 2681 δι
689 2604 809 2680 viuiios
829 2629 851 2680 a
875 2607 950 2681 dae·

76 2730 150 2779 one
173 2704 305 2794 liberet,
349 2729 460 2803 quare
486 2705 642 2780 alterurn
668 2704 787 2780 Deum
820 2719 951 2805 praeter
1064 2762 1065 2765 ,

76 2830 125 2895 un
157 2830 230 2881 non
261 2804 389 2894 colite,
428 2828 512 2881 nam
541 2806 685 2901 glorium
715 2830 818 2880 meum
853 2805 951 2882 atteri
1022 2864 1027 2872 .

76 2931 105 2980 ru
140 2903 256 2993 dabo,
316 2928 414 3000 oeque
445 2908 579 2980 virtutes
616 2907 702 2978 meos
727 2902 949 3003 sculptilibus.
1023 2951 1030 2958 -

76 3003 183 3078 butote
206 3005 315 3099 igitur
337 3006 482 3079 Domino
504 3005 663 3078 cauticum
686 3029 803 3078 nouum
823 3004 950 3102 &gio-

76 3105 167 3193 ficote
188 3126 255 3201 per
284 3104 579 3200 praedicationem
617 3104 806 3200 Evangelii
837 3129 950 3180 nomen
1066 3108 1070 3121 '

76 3229 107 3277 us
129 3201 172 3276 oie
195 3207 345 3277 extremis
359 3216 473 3279 terro:
520 3202 626 3278 Unde
645 3204 769 3278 tutetur
793 3203 949 3301 desertum

76 3302 242 3376 nfidelium
270 3302 378 3377 Cedor
404 3303 667 3378 Saracenorum
688 3302 884 3391 habitatio,
909 3302 961 3400 δι,
997 3350 999 3354 »

76 3410 141 3478 uro
165 3404 252 3474 urbs
269 3402 486 3491 Palaestinae,
524 3401 583 3476 hae
600 3399 737 3476 &aliae
761 3403 869 3477 urbes
883 3427 947 3498 po·

76 3513 115 3576 nt
139 3499 285 3575 Domino
307 3503 473 3599 glorium,
514 3503 571 3596 qui
585 3499 688 3597 super
711 3502 857 3576 inimicos
866 3500 948 3598 seros

76 3600 299 3696 nfhttobitur,
323 3630 379 3676 uec
386 3601 514 3700 semper
532 3598 670 3687 tacebit,
704 3599 763 3673 sed
786 3600 950 3701 diffipabit

76 3699 81 3723 '
105 3697 288 3800 absorbebit
312 3724 375 3778 eos
397 3699 511 3802 fimet,
553 3712 681 3797 gentes
703 3711 826 3779 autem
849 3721 950 3879 cupos

160 3824 163 3829 ’
859 3850 885 3895 u
909 3824 948 3876 Ἄ·
