2422 4350
341 128 344 133 ,
390 106 392 110 1
530 124 536 135 ,
646 100 654 111 ,.
1067 94 1072 129 ι

211 206 495 338 ssiysorsae
507 210 647 331 Ecrses.
667 211 842 303 biert.
954 206 1048 333 467
1155 278 1158 289 .

93 422 175 498 „ep.
193 388 243 474 ud
257 396 401 499 Arissid.
424 397 735 477 commemoravit
785 396 935 476 Scilicet
948 419 1037 496 quo·
1054 429 1178 479 coum

93 501 227 588 „niam
249 522 401 588 eorum,
442 501 505 595 qui
535 499 630 574 inter
638 498 809 610 majores
827 499 955 575 Christi
982 523 1034 575 re
1055 497 1149 569 datur
1174 588 1178 597 A

91 598 336 688 „,censentur
369 598 433 677 aiii
459 595 644 673 naturali
623 619 713 694 Jure
733 611 776 674 ut
793 598 858 675 filii
881 600 1040 696 parenti,
1075 600 1182 670 ΜΗ·

93 697 196 787 „bus
210 696 463 786 successerunt,
482 697 648 776 nonnulli
666 718 775 786 vero,
793 721 877 773 cum
893 699 942 774 ab
955 698 1109 783 aliie

95 799 304 893 „procreati
336 794 467 884 essent,
506 796 589 872 aliis
620 795 789 896 adscripti
819 798 920 885 sunt,
953 798 1038 874 ideo

97 908 374 993 „utrorumque
387 897 526 972 mentio
551 895 643 971 satta
670 895 741 986 est,
785 899 883 972 unde
918 896 961 973 sit
992 908 1039 983 nt

99 1012 295 1087 ,neutrum
318 997 599 1090 Evangeliorum
623 994 753 1074 falsum
778 994 841 1085 srt,
876 1021 959 1072 cum
982 995 1037 1079 atl-⁸
1154 1020 1157 1025 ·

100 1112 243 1185 „terum
263 1109 451 1183 naturam,
473 1096 629 1171 aiterum
646 1096 793 1192 segem
784 1118 822 1171 m
838 1093 1036 1192 majoribus

103 1195 380 1285 „enumerandis
408 1195 585 1292 sequatur.
639 1194 736 1271 Nam
759 1195 928 1283 familiae,
953 1215 1036 1292 quae
1049 1212 1074 1254 1

104 1308 205 1385 „tum
224 1294 478 1381 aSalomone,
501 1309 580 1370 turn
597 1294 781 1371 aNathan
794 1295 1088 1392 deducuntur,

86 1395 248 1483 „adeo
239 1407 332 1468 mter
353 1396 387 1468 s'e
405 1396 596 1490 permixtae
616 1395 716 1482 sunt,
741 1396 873 1492 partim
891 1416 1039 1491 repara·

86 1492 224 1581 :„tione
242 1493 400 1568 nominis
418 1515 569 1579 eorum,
604 1497 666 1591 qui
690 1494 761 1569 srne
786 1493 887 1591 prole
910 1494 1036 1569 deces-
1119 1566 1122 1571 ,
1150 1548 1153 1555 ,

86 1591 259 1683 „,srssent
279 1594 409 1766 psartim
423 1592 587 1669 secundis
605 1593 762 1690 nuptiis,
780 1593 911 1692 partlm
924 1593 1037 1669 enam

86 1691 268 1780 „seminis
293 1691 538 1777 suscitatione,
578 1708 622 1769 ut
651 1694 762 1768 iidem
788 1693 956 1768 homines
980 1692 1036 1769 di·

95 1791 246 1881 „versos
266 1804 387 1889 patres
403 1793 562 1869 habuisse
578 1794 710 1868 merito
727 1793 941 1879 credantur,
965 1791 1036 1866 hos

89 1893 272 1987 „quidem
300 1890 465 1977 fiditios,
502 1891 586 1967 illos
609 1913 696 1978 vero
720 1891 924 1982 naturales3
962 1912 1036 1988 quo
1183 1962 1185 1969 ,

88 1992 185 2081 „rit.
210 2004 252 2066 ut
273 1991 463 2086 Evangelii
481 1992 669 2088 utriusque
693 1994 859 2067 narratio
873 1989 1037 2067 absolute
1104 1988 1109 2039 ἵ
1149 2040 1154 2053 ·

86 2138 121 2179 ‚,
121 2088 300 2166 verissrma
317 2093 418 2166 vario
442 2091 588 2188 quidem
610 2092 815 2167 litterarum
838 2102 1037 2180 contextu,

87 2188 184 2280 ‚,sed
200 2202 370 2264 accurate
400 2191 447 2266 ad
463 2189 652 2290 josephum
682 2215 798 2288 usque
823 2189 1036 2277 descendat:

86 2314 210 2380 „nam
234 2289 259 2364 sr
283 2313 305 2366 a
325 2289 465 2366 Davide
492 2302 555 2387 per
571 2291 806 2367 Salomonem
832 2289 1036 2386 generatio·
1102 2377 1105 2381 ¹

89 2414 191 2481 ‚,nes
206 2413 291 2465 cum
300 2387 478 2465 Matthaeo
497 2392 764 2485 numeraveris,
781 2388 912 2466 tertius
926 2413 948 2463 a
964 2385 1037 2465 sine

91 2489 323 2586 „reperietur
339 2478 512 2576 Mathan,
545 2490 607 2586 qui
631 2490 757 2584 genuit
769 2486 878 2586 Jacob
896 2502 1038 2603 patrem
1170 2527 1172 2531 ·

96 2587 286 2703 „josephh
309 2585 347 2663 dr
364 2587 488 2685 quodsr
505 2607 591 2664 cum
607 2587 706 2665 Luca
722 2612 745 2664 a
760 2587 907 2664 Nathan
926 2586 1038 2663 Davi·

98 2688 182 2776 „dis
200 2684 276 2777 sisio
295 2709 485 2775 numeres,
512 2690 641 2763 tertius
663 2689 790 2763 itidem
809 2711 831 2763 a
847 2688 918 2762 fine
934 2708 1039 2784 repe·

99 2789 238 2879 „rietur
256 2786 413 2875 Melchi,
437 2784 540 2902 cuius
559 2786 689 2862 siliusf
688 2789 741 2864 uit
758 2787 847 2864 Heli
864 2785 1039 2887 paterJo·

99 2884 233 2984 „sephi
284 2886 438 2963 Mathan
470 2885 644 2983 igitur&
666 2886 801 2963 Meschi
826 2911 910 2963 cunr
937 2908 1039 2963 eam·

104 2984 211 3076 „dem
234 3008 388 3061 uxorem
412 2984 505 3061 aster
536 2984 611 3084 post
633 2987 789 3063 alterum
817 2987 1045 3075 habuissent,

104 3086 261 3177 „liberos
287 3110 335 3161 ex
355 3109 421 3174 ea,
448 3087 509 3183 qui
531 3085 663 3161 uterini
686 3086 817 3162 fratres
833 3099 956 3172 erant,
981 3084 1038 3161 su·

107 3185 339 3281 „sceperunt,
365 3187 464 3281 quod
487 3184 549 3259 sex
574 3210 646 3259 non
671 3188 828 3261 vetabat.
881 3184 1037 3261 Proinde

110 3304 175 3375 „ex
197 3282 303 3359 Estha
327 3286 465 3382 primus
484 3284 635 3359 Mathan
659 3285 895 3360 aSalomone
919 3305 1035 3380 genus

112 3385 264 3473 „ducens
279 3383 454 3483 Jacobum
481 3382 595 3458 filium
618 3382 773 3459 sustulit:
801 3385 875 3481 posi
891 3384 1036 3458 dietha-

115 3485 186 3572 „nis
201 3494 322 3558 autem
338 3483 526 3559 interitum
543 3483 678 3558 Melchi
695 3509 740 3558 ex
750 3485 896 3561 Nathan
913 3485 1035 3558 oriun-

118 3584 201 3670 ,dus
218 3585 384 3658 eamdem
403 3606 554 3658 uxorem
574 3583 719 3658 sortitus
737 3586 823 3659 Hesi
844 3585 957 3657 sisium
978 3582 1035 3658 su·

122 3680 248 3780 „seepit.
300 3683 383 3760 Hoc
399 3685 510 3759 modo
526 3683 635 3857 Jacgb
651 3681 688 3757 dr
707 3684 792 3761 Heli
808 3683 895 3759 sicet
917 3684 1090 3856 dive}-

625 3805 650 3881 ἔ
676 3809 697 3862 2
970 3804 1034 3873 ”⁰
