2422 4350
431 198 435 205 ·
768 178 779 229 l
976 208 979 215 ·
1072 224 1075 233 .
1201 226 1208 236 .

370 292 507 363 eontra
538 274 808 391 Hieroclem„
917 301 1059 392 ‚149‚
1156 373 1158 377 ,

107 462 224 556 ,alias
243 481 331 539 vero
348 486 421 537 non
437 461 525 548 effe,
550 480 633 558 quae
648 462 814 559 impediri
831 456 868 539 dr
887 460 1040 541 inhiberi
1135 504 1138 509 ·

105 586 204 656 „nou
229 577 378 659 queant.
454 561 554 635 Deus
572 583 688 656 'porro
714 560 892 637 Dominus
919 578 1041 640 rerum

64 660 67 711 Ρ
104 662 298 754 „omnium
314 659 407 736 reeta
424 661 565 833 rasione
580 658 716 754 lingula
735 660 916 756 transigit,
943 663 1041 738 hunc

104 759 220 858 „julia
244 760 382 856 semper
403 759 494 834 ulto
514 760 551 832 in
571 761 690 832 malos
708 761 924 846 comitatur,
950 784 1040 857 quo·
1183 785 1189 797 ¹

105 882 212 950 „rum
232 858 339 955 culpa
354 860 407 1032 aa
416 879 542 935 eorum
568 857 740 933 elelilone
765 883 837 933 non
863 881 950 934 vero
972 860 1040 935 fati

103 957 337 1050 „necessitate
359 982 379 1031 e
416 1011 427 1045 ,
451 956 540 1035 ficut
560 958 670 1033 etiam
694 957 794 1036 Deus
820 959 939 1037 omnis
963 958 1040 1037 cul·
1176 958 1191 969 ’”

105 1058 187 1156 „pie
210 1057 388 1135 immunis
412 1056 472 1135 est.
1186 1054 1191 1063 '

104 1230 1186 1296 momen*

286 1427 526 1509 nussum
575 1425 872 1509 campumt
1016 1382 1021 1395 ’

431 1570 700 1626 auvuusus

108 1669 435 1738 MARCELLUM
470 1670 693 1736 ANCYRAE
726 1663 1038 1745 Episcopum.

412 1788 644 1883 ‚uruuu
691 1787 720 1868 1.
786 1804 820 1919 s

367 2016 378 2023 ·
527 2003 620 2110 §.n

381 2154 761 2264 Argumentum.

62 2375 73 2443 ³.
114 2336 346 2485 Marcellus
355 2335 515 2434 Ancyrae
531 2337 569 2412 in
577 2336 722 2412 Galatia
732 2333 926 2433 Episcopus
937 2334 1045 2411 Aria·
1113 2336 1115 2339 ’

111 2536 189 2612 n,
213 2458 279 2613 lb
295 2435 1045 2630 bilinlllsssdtzlrlpalttlffl

62 2654 87 2736 ς·
112 2636 240 2732 quibus
272 2637 310 2709 in
334 2635 488 2708 concilio
510 2632 907 2725 Constantinopolitano
933 2635 1045 2730 depo·

61 2788 63 2795 -
111 2733 194 2810 litus
210 2734 325 2810 exilio
341 2733 534 2808 multtatus
549 2735 632 2818 fuit,
660 2733 721 2827 qui
741 2733 896 2807 Romam
921 2732 967 2805 ad
982 2732 1045 2830 Ju-

110 2836 195 2910 lium
215 2834 353 2929 Papam
379 2855 530 2927 pergens
550 2832 599 2906 ab
621 2855 664 2903 eo
684 2827 884 2915 absolutus
911 2830 1045 2904 deinde

110 2930 319 3009 inhaerebo
334 2931 477 3007 Photioi
496 2930 653 3005 incidille
670 2929 813 3012 dicitur,
838 2930 1044 3014 docentem,
1107 2928 1132 3003 ,’

112 3032 274 3108 Verbum
300 3055 371 3104 non
389 3029 687 3104 fuillePerlonam
708 3027 959 3110 subsistentem,
982 3052 1048 3102 an·

112 3144 260 3226 tequam
285 3152 332 3203 ex
350 3129 487 3224 virgine
513 3127 736 3211 nasceretur,
766 3127 863 3221 quod
882 3151 928 3200 an
944 3148 1047 3200 reve·

112 3252 149 3304 ra
171 3227 372 3303 Marcellus
393 3228 568 3312 docuerit,
595 3227 751 3300 necdum
771 3241 908 3300 certum
925 3225 986 3311 est,
1004 3225 1050 3298 li·
1163 3264 1166 3269 ,

112 3344 169 3402 cet
195 3351 282 3401 eum
302 3324 476 3400 Eusebius
500 3327 536 3399 in
555 3326 613 3398 his
634 3324 704 3398 luis
727 3324 828 3399 libris
845 3338 969 3397 contra
995 3325 1050 3420 ip·

115 3427 189 3500 ium
216 3427 312 3500 circa
328 3448 463 3500 annum
479 3432 550 3519 336
571 3424 708 3519 scriptis
724 3422 832 3519 hujus
848 3423 978 3495 erroris
993 3423 1050 3496 in·

115 3524 258 3599 smnulet
282 3522 318 3596 δι
334 3523 490 3609 refutet,
516 3526 577 3619 qui
594 3522 677 3596 libri
702 3545 785 3595 cum
812 3521 1052 3595 translatione

114 3622 333 3700 Montacutii
365 3621 402 3697 ἀ
423 3623 607 3717 nonnuliis
635 3621 930 3694 annotationibus
953 3621 1052 3694 Mur·
1162 3666 1165 3670 -

118 3723 213 3799 tello
239 3721 377 3821 semper
392 3718 675 3894 faventibusK&
695 3718 848 3796 Eusebio
864 3717 1053 3894 advedgn·

677 3842 700 3913 3
955 3831 984 3896 u
1009 3837 1056 3895 us
1104 3830 1129 3863 ²
