2422 4350
270 200 446 316 I’raepar.
464 195 620 314 Evcrrg.
658 201 765 302 Liber
783 203 813 290 l.
935 236 987 295 11

10 366 39 502 ξ’.
63 382 224 475 ,minuam
247 384 469 474 multitudo,
500 412 584 463 cum
603 389 648 465 ab
667 387 745 486 ejus
768 366 876 464 unius
895 392 987 465 veri·
1052 370 1055 375 ¹

10 495 156 615 pute
183 484 339 600 pietatis
359 486 567 601 'excidillen
596 487 643 562 ad
669 488 841 563 astrorum
875 489 988 586 splen·

68 584 990 782 :2¹thlllllltlhtllltllshailla

10 860 19 881 ,
69 781 309 872 ,adorationis
332 784 470 861 cultum
493 784 677 870 adhibuit,
708 784 755 860 src
776 797 920 873 tamen,
944 802 987 862 ut

10 892 44 1007 h
69 904 146 970 „nec
172 879 262 979 ipl'rs
286 883 421 982 templa
450 882 685 970 construeret,
707 908 775 958 nec
802 883 988 963 limolacm

10 1035 38 1076 ‚.
69 976 285 1077 „effingeret
335 982 473 1060 Verum
491 1005 716 1079 nequaquam
734 984 795 1057 hic
817 983 910 1058 lletit
925 1009 987 1059 eo·

10 1087 40 1200 {5¹
66 1100 159 1165 ,mm
180 1081 250 1177 qui
273 1082 385 1158 secuti
402 1081 495 1171 sunt,
519 1082 565 1157 de
580 1083 813 1173 multitudine
835 1086 985 1158 deorum

10 1188 16 1271 j
64 1200 192 1265 „erton
211 1180 276 1255 sed
288 1182 511 1278 impietatem
526 1183 664 1279 peperit
679 1179 754 1279 ipso
774 1197 915 1277 negatae
931 1184 986 1257 di-

10 1328 26 1389 ἲ,
60 1277 247 1394 „vinitatis
281 1280 411 1398 scelere
446 1282 659 1378 graviorem.
725 1280 848 1375 Atque
878 1281 985 1377 hujus

10 1378 724 1577 i:hilthiberth,llllllltl
740 1378 984 1576 hullt

59 1590 292 1665 ‚memorant
330 1579 471 1675 Hyagri
504 1578 619 1654 filium
658 1581 832 1653 translata
864 1579 983 1655 lecum

41 1674 344 1771 „AEgyptiomm
374 1676 538 1775 mysteria
562 1701 645 1753 cum
668 1679 796 1774 graecis
819 1700 982 1753 commu·

57 1774 233 1861 „nlcarse‚
257 1776 480 1853 Phoenicum
509 1790 634 1853 autem
661 1777 853 1872 religiones
886 1779 981 1874 apud

54 1874 232 1961 „eosdem
256 1900 330 1950 una
361 1900 443 1951 com
471 1875 624 1974 ipsarum
649 1876 850 1951 litterarum
879 1877 981 1953 disci·
1059 1952 1075 1965 ,,

55 1972 178 2072 „plina
210 1974 393 2051 Cadmum
418 1974 590 2062 intulilic,
620 2000 687 2051 nec
709 1975 908 2049 litterarum
936 2001 980 2051 eo

53 2072 199 2161 „adhuc
227 2088 391 2173 tempore
421 2089 548 2151 notum
572 2075 711 2150 Graecis
740 2074 841 2150 usum
870 2075 979 2148 suillo.

56 2170 158 2259 „Nos
181 2174 296 2269 igitur
313 2175 351 2249 in
378 2175 502 2273 primis
521 2196 603 2271 quae
619 2174 665 2247 ad
682 2174 833 2270 primam
852 2176 978 2250 mundi

55 2275 367 2369 „procreationem
390 2274 564 2349 attinent:
590 2286 668 2348 tum
689 2272 735 2347 de
752 2273 976 2348 vetusrilhma

57 2372 348 2469 „superstitione,
370 2375 477 2448 tertio
504 2373 549 2447 de
572 2372 814 2460 Phoenicum,
847 2387 975 2468 quarto

53 2471 121 2557 „de
139 2471 399 2570 Aegyptiorum
424 2472 643 2567 Theologia,
667 2472 793 2567 quinto
817 2472 862 2544 de
886 2493 977 2566 grae-

55 2592 202 2659 „corum
231 2572 365 2647 sabulis
381 2572 565 2669 implicato
583 2592 715 2658 errore,
741 2570 824 2644 dein
849 2572 894 2645 de
915 2596 976 2644 eo·

10 2645 16 2793 ἒ
53 2690 155 2759 „rum
171 2670 450 2769 philosophandi
472 2672 633 2754 ratione,
654 2683 732 2746 tum
749 2691 834 2743 vero
857 2669 902 2743 de
916 2694 977 2744 eo·

20 2804 25 2823 =
52 2791 156 2855 „rum
174 2772 349 2853 oraculis,
365 2770 403 2847 dr
422 2769 660 2866 Philosophiae
677 2770 890 2844 momentis:
915 2770 976 2844 de·

10 2842 17 2891 ⁵
51 2892 178 2957 „mum
207 2870 253 2944 de
271 2871 510 2945 Hebraeorum
534 2869 784 2963 dogmatibus,
811 2891 854 2941 ac
876 2869 976 2941 deni·

48 2990 145 3064 „que
186 2969 235 3043 de
261 2969 386 3043 nostris
411 2970 538 3045 ritibus
562 2967 809 3052 narrabimus,
840 2967 876 3042 dr
899 2969 976 3062 qui·

47 3068 159 3155 „dem
178 3093 256 3143 non
270 3092 316 3143 ex
332 3067 456 3143 nostris
471 3067 614 3155 litteris,
640 3066 699 3142 sed
715 3090 761 3139 ex
776 3064 857 3162 iphs
874 3067 976 3142 Grae·

46 3168 126 3255 „cis
140 3167 254 3242 testes
272 3168 522 3265 producemus.
553 3166 611 3241 Ac
626 3164 805 3240 Diodorus
830 3165 975 3261 quidem

47 3264 229 3356 „srculus,
264 3269 325 3364 qui
352 3290 463 3343 unum
495 3268 533 3342 in
556 3287 685 3361 corpus
710 3264 975 3339 Bibliothecam

50 3364 304 3453 „historiarum
338 3366 535 3441 universam
559 3364 758 3461 compegit,
790 3365 975 3459 antiquam

51 3466 334 3563 „AEgpptiorum
359 3465 578 3561 theologiam
607 3487 630 3539 a
654 3462 770 3559 capite
795 3463 975 3558 prosequi-

50 3579 155 3655 ‚,tur,
190 3592 238 3641 ex
265 3589 337 3662 quo
364 3566 477 3662 prima
511 3566 573 3639 illa
598 3574 738 3639 tautum
769 3556 976 3657 subjiciam,

50 3688 158 3765 „quae
186 3679 350 3743 veterum
388 3665 580 3740 sententias
612 3683 898 3740 commemorans
927 3660 973 3734 de

840 3785 972 3853 „mun-
