2422 4350
11 39 47 352 ι.
196 148 426 334 'Praepca
456 220 611 333 Euuiig.
642 219 806 309 Liberi.
934 250 987 335 13

34 360 159 499 ,tura
187 402 391 481 constarent
412 405 451 479 in
470 364 663 513 cognatum
685 392 747 482 sibi
763 408 883 483 locum
903 410 988 483 cons

58 494 286 597 ‚suxerunn
312 504 425 602 pisces
448 504 631 601 appellati.
670 520 675 528 '
700 506 761 581 sid
783 518 987 585 extremum

37 620 163 696 '„uero
183 614 284 679 terra
306 602 422 678 indies
438 606 555 699 magis
574 603 735 691 solidata,
752 606 892 682 nullum
908 629 987 682 aiu·

61 797 204 901 „potest,
230 800 293 877 sed
310 802 432 877 omnia
457 823 505 875 ex
529 810 654 877 mutua
677 802 830 878 matium
854 816 898 878 ac
917 804 984 880 sae·

59 902 261 995 „mnarum
289 900 546 977 commixtione
565 912 791 996 generantur.
843 894 983 980 Eadem

57 998 266 1098 „Euripidis
294 1001 339 1074 de
366 1008 448 1074 ortu
477 999 628 1075 universi
653 998 761 1097 hujus
784 1015 888 1076 inens
921 1000 982 1078 esti

55 1096 190 1193 „Porro
213 1099 328 1197 princi
353 1118 393 1173 es
409 1098 570 1173 omnium
587 1098 752 1175 homines
775 1101 891 1175 serino
908 1102 983 1178 ritu

52 1196 308 1291 „iitlitantes,
330 1122 475 1294 hucque
504 1194 683 1311 dishpatos
701 1210 810 1295 atque
832 1198 920 1275 illuc
935 1198 984 1276 ad

50 1296 209 1395 „pascua
228 1295 407 1385 exiisse&
422 1308 616 1372 teneriores
634 1297 764 1373 herbas
785 1321 866 1375 cum
881 1296 983 1395 spoti-

50 1404 114 1489 „te
140 1394 373 1472 nascentibus
401 1395 567 1471 arborum
595 1396 766 1474 siusiibus
795 1396 982 1484 comeditis·

52 1488 220 1589 „scruntt
260 1508 345 1571 cuin
370 1507 490 1587 autem
516 1497 604 1573 serae
642 1518 705 1570 eos
734 1498 982 1595 persequeren-

14 1560 22 1587 ¹
51 1608 157 1687 ‚‚tut,
192 1604 297 1671 metu
335 1594 570 1691 congregatos
606 1596 698 1670 alter
731 1596 879 1671 alterius
907 1594 982 1669 for-

51 1710 176 1787 „iiiam
201 1692 378 1792 paulatim
404 1693 615 1789 cognovisse,
638 1694 676 1770 di
694 1692 839 1791 singulis
856 1694 981 1792 paula·

10 1592 34 2817 χ

51 1794 145 1888 „tini
166 1794 322 1871 vocibus
342 1794 533 1868 articulate·
546 1794 786 1890 proferendis,
805 1793 983 1890 lignisque

50 1910 220 1984 silerum,
244 1914 327 1990 quae
350 1894 584 1967 occurrebant
599 1893 693 1967 inte'r
722 1890 756 1966 se
781 1892 994 1969 constitutis·
1040 1986 1043 1991 ι

51 2014 205 2085 ‚corum
233 1990 511 2089 explicationem
530 1990 666 2079 secisse,
697 1989 735 2066 dt
760 1994 843 2088 quia
865 2002 982 2067 caetus

50 2104 157 2183 „toto
177 2088 301 2188 passim
321 2092 406 2165 orbe
423 2089 679 2178 conllabantur,
700 2088 897 2187 singulique
917 2108 981 2165 vo'·
1005 2115 1009 2129 ·

53 2214 136 2281 „ces
161 2213 226 2287 pro
254 2190 316 2265 suo
335 2190 439 2264 libitu
465 2190 739 2285 componebant,
763 2191 890 2265 sorinae
910 2190 979 2265 lin··

53 2306 230 2385 ‚guarum
249 2289 479 2384 multiplices,
500 2288 536 2362 dt
556 2289 669 2383 prima
684 2291 800 2385 capita
816 2290 978 2384 gentium

56 2391 289 2478 ‚‚extiterunt.
342 2389 389 2462 Et
410 2387 492 2482 quia
518 2389 622 2482 primi
649 2388 812 2461 homines
835 2413 857 2461 a
877 2387 979 2461 vesti·

55 2490 157 2579 „biis
173 2487 369 2564 domiciliis
388 2486 424 2561 di
443 2486 638 2582 provisione
661 2506 789 2562 anonae
814 2487 979 2583 imparati

58 2600 201 2677 „erant,
234 2585 379 2683 plurimi
403 2607 464 2682 per
485 2582 656 2682 hyemem
679 2610 760 2660 curn
792 2586 979 2681 asperitate

57 2686 244 2782 „srigoris,
280 2700 359 2760 tum
385 2687 545 2760 ciborum
589 2686 735 2780 penuria
762 2687 980 2769 interibant,-

13 2811 37 2855 ‚,
59 2787 192 2874 „donec
210 2786 331 2861 varias
346 2797 441 2858 artes
464 2785 510 2857 ad
527 2803 754 2857 communem
769 2784 878 2857 vitain
899 2805 981 2880 pro·

10 2880 23 2928 l
56 2885 189 2973 „fimas
211 2885 437 2958 invenerunt.
487 2883 669 2958 Hastenus
691 2883 895 2967 Diodorus,
918 2882 980 2977 qni

10 2978 23 3026 ¹
55 2985 113 3072 „in
140 2984 276 3059 mundi
302 2983 546 3080 procreatione
580 3003 624 3056 ne
647 2982 715 3055 Dei
745 2983 889 3076 quidem
916 3004 985 3055 nos

10 3074 21 3124 ³
54 3084 286 3171 „mineteuus
312 3082 495 3166 meminit,
530 3082 588 3154 sed
613 3080 799 3154 fortuitam
832 3079 982 3156 universi

10 3190 17 3281 f
55 3180 343 3279 „dispositionem
363 3181 515 3254 induxit.
572 3178 678 3253 Nunc
704 3178 856 3253 aliorum
880 3181 982 3254 Grae·

55 3294 205 3369 „corum
234 3277 532 3373 Philosophorum
576 3280 621 3351 de
653 3300 769 3352 rernm
802 3279 982 3375 principiis

17 3402 22 3419 ¹
56 3381 271 3476 „opiniones
297 3401 343 3453 ex
362 3377 555 3455 Plutarcho
582 3378 647 3509 tipi
672 3392 754 3463 mite
774 3378 900 3452 oculos
919 3400 982 3474 po·

58 3500 174 3569 „sums

1060 122 1072 159 i

10 790 30 827 a
60 702 172 801 „plius
201 718 253 777 ex
277 701 526 799 grandioribus
549 703 766 778 animalibus
787 703 983 802 producere
1076 797 1082 807 ,

10 886 32 939 a

10 965 32 1043 u·

13 1086 31 1139 ii

13 1185 30 1232 i·

10 1283 22 1337 i

10 1385 16 1433 i
