2422 4350
186 244 365 367 Historia
379 184 517 369 ΕΜ
549 176 666 340 Liber
680 250 755 340 IV:
848 214 938 369 50o
1121 190 1128 205 Ι

86 446 162 525 rat,
195 439 371 514 montano
395 462 478 525 cum
501 437 598 512 snlsrs
616 439 761 514 vatibus
776 438 846 513 suis
870 439 935 512 ad·
1150 518 1153 525 ,

86 559 101 608 c
118 538 249 611 erroris
266 538 317 614 sui
333 537 571 613 fundamenta
583 537 751 634 jaciente.
802 539 876 614 Sed
897 537 936 613 &
1025 578 1028 587 ,

86 635 172 711 tsani
204 636 481 734 elegantissimus
514 650 617 714 extat
643 638 733 713 liber
757 639 804 712 ad
827 658 935 735 quos·
952 654 1074 741 Musoni
1125 648 1127 652 ’

86 759 114 808 n
141 736 292 826 fratres,
326 739 387 833 qui
420 738 760 813 adnuerantarnm
786 736 934 812 haerelin
943 741 1090 826 scripta.

86 835 281 925 sciverant,
329 835 432 933 cujus
468 835 569 911 sestne
617 836 798 912 numerem
831 832 935 911 'tome
966 822 1132 911 ιιιΙΜΜ

86 936 421 1011 lribentTatianum
439 936 652 1034 discipulum
669 935 855 1034 spuunt,
880 937 936 1010 uti
954 936 1095 1009 Tonani'
1179 1026 1182 1033 ‚

86 1048 138 1107 :et
171 1039 326 1111 lrenaeus
358 1037 473 1132 primo
501 1049 627 1113 contra
651 1036 812 1119 ,haereses
843 1026 1108 1114 fibroscriptn&

86 1133 156 1206 nol.
183 1148 259 1210 tom.
280 1162 312 1210 2.
335 1159 418 1232 png.
441 1133 520 1232 no)
556 1136 739 1210 Caeterum
762 1135 935 1229 Tatianus
951 1111 1069 1198 hot-ests

86 1256 196 1309 enam
220 1234 256 1308 δέ
274 1231 521 1309 collestionem
546 1233 664 1309 nescio
690 1256 796 1329 qnam
818 1234 936 1309 Evan-
971 1218 1096 1283 ‘⁶¹⁰‘29'
1123 1260 1127 1267 ·

86 1335 206 1407 iorum
230 1333 436 1416 contexuit,
463 1353 572 1428 quam
589 1333 841 1421 Diadessaron,
866 1335 938 1407 hoc
1032 1351 1035 1361 ’

87 1485 97 1512 ,
125 1430 365 1528 Evangelinm
379 1458 424 1505 ex
440 1446 593 1529 quatuor
612 1433 820 1528 Evangeliis
836 1458 937 1507 com-

86 1529 182 1605 itum
209 1533 421 1607 nominavit.
473 1529 589 1626 Ajunt
613 1535 723 1607 etiarn
750 1532 935 1621 nonnulli,

86 1629 155 1704 iim
182 1629 287 1704 illum
312 1631 399 1718 esse,
432 1629 523 1704 diila
547 1629 651 1706 Pauli
672 1629 838 1727 Apostoli
862 1631 936 1706 ele-

86 1731 254 1804 rtioribus
285 1731 406 1805 verbis
444 1731 666 1827 exprimere,
715 1741 841 1826 utpote
873 1731 935 1827 qui

86 1830 324 1925 npofitionem
342 1831 533 1904 verborum
553 1829 651 1904 illius
667 1832 846 1925 corrigere
866 1829 935 1904 stu·

86 1945 140 2003 et.
191 1929 393 2025 Maximum
419 1942 517 2003 certe
542 1928 715 2003 librorum
743 1951 936 2015 numerum

97 2053 144 2102 eo
163 2028 325 2103 relisium
349 2028 417 2102 elle
440 2026 598 2102 constat:
624 2050 681 2101 *ex
697 2030 828 2124 quibus
845 2049 937 2124 prae·
1022 2048 1026 2057 ‘
1050 2108 1063 2141 ·,
1130 2026 1133 2031 ’
1163 2098 1166 2103 .

86 2152 133 2202 ue
160 2128 361 2202 multorum
378 2125 582 2202 testimonio
605 2125 775 2202 landatur
790 2128 937 2223 insignis

86 2264 88 2272 >
116 2227 288 2301 adversus
308 2228 463 2322 gentiles
483 2226 594 2308 liber,
621 2227 658 2300 in
680 2249 751 2322 quo
773 2228 936 2323 repetitis

86 2329 157 2400 nris
178 2328 247 2400 aevi
270 2328 515 2421 temporibus,
550 2325 701 2420 Moysen
724 2325 762 2400 &
783 2341 936 2421 caeteros

86 2428 268 2500 braeorum
289 2425 490 2521 Prophetas
516 2426 704 2511 omnibus,
748 2427 808 2520 qui
837 2426 935 2521 apud

86 2547 180 2603 tecos
207 2525 430 2601 celeberrimi
460 2526 684 2609 extiterunt,
723 2525 934 2599 vetustiores

86 2624 126 2699 se
151 2623 344 2699 convincit.
397 2626 467 2712 Qui
485 2624 631 2720 quidem
653 2624 744 2698 liber
770 2626 933 2698 omnium

86 2748 120 2798 >s
150 2722 281 2818 scripfit
305 2722 583 2820 elegantissimus
607 2723 840 2820 simulatque
863 2724 934 2798 uti·
991 2789 994 2793 ,

86 2846 175 2898 mus
194 2825 348 2899 videtur.

86 3049 127 3120 4.
159 3020 278 3107 „Cum
300 3041 385 3096 vero
408 3019 562 3098 haereses
583 3021 750 3117 plurimae
766 3017 874 3093 essent
896 3017 933 3092 in
950 3023 1103 3122 Bnrdesa·

86 3122 308 3215 sopotamia,
326 3121 565 3195 'Bardesnnes
582 3119 731 3214 quidam
750 3120 809 3195 vir
827 3117 931 3192 diser·
950 3110 1085 3192 mssm'·

86 3220 178 3297 imus
206 3221 358 3318 Syriaco
391 3220 550 3293 sermone
581 3217 751 3295 adversus
778 3205 1013 3299 Mucio-1⁰²⁰·

86 3344 132 3403 n,
171 3320 334 3417 aliosque
357 3321 472 3413 patria
496 3321 620 3412 lingua
649 3317 814 3413 dialogos
847 3342 934 3392 con·

86 3417 187 3517 lpfit,
224 3441 407 3493 unacum
437 3417 588 3493 infinitis
623 3416 705 3492 aliis
736 3417 935 3516 opusculis,
1070 3450 1075 3463 ·

86 3543 118 3593 ns
149 3517 310 3614 discipuli
335 3519 433 3593 illius
459 3542 505 3591 ex
528 3517 680 3612 Syriaco
710 3514 872 3609 sermone
896 3518 935 3591 in

86 3640 199 3694 tecum
227 3615 492 3694 transtulerunt.
544 3617 584 3690 ln
611 3616 670 3691 his
694 3615 744 3691 est
768 3614 935 3711 dialogus

94 3720 173 3793 sato
194 3718 241 3793 ad
255 3716 486 3793 Antoninum
504 3716 656 3813 scriptus
672 3714 756 3791 sane
768 3714 935 3891 luculppir·

822 3825 878 3909 „tl
915 3852 935 3878 “
