2422 4350
859 31 1148 77 Ι“.,’“

711 65 850 115 ,χ’
987 82 1145 105 -··-=

273 256 360 363 388
456 323 482 383 „
533 182 689 363 cupre-
714 200 987 386 caepronfir
1101 228 1105 237 ’
1150 201 1153 208 ’

273 441 426 524 „rentur
446 427 621 509 =alienae
650 431 685 507 se
706 432 826 507 dicere
852 429 1058 530 discipulis,
1094 458 1153 535 neq

273 530 440 627 „semper
462 528 607 634 locutus
624 530 694 625 eil,
734 543 1007 632 deputaretur,
1052 536 1147 632 quod

273 627 337 728 „se
356 628 429 729 ipfe
448 627 612 751 testatur.⁸
1098 670 1102 681 ·

90 837 285 925 warlenum·
353 855 387 907 2.
412 828 513 919 „Sed
530 828 618 926 quid
638 827 707 916 est,
732 827 830 928 quod
852 827 1032 928 sequitur:
1054 829 1152 935 nolite

88 943 149 1022 '.‘’'
163 944 225 1024 '¹⁰¹3
278 953 390 1021 „mere
404 954 478 1013 eos,
517 933 574 1026 qui
596 929 745 1004 occidunt
774 954 910 1102 copem,
942 929 1090 1005 animam
1109 953 1153 1003 au

97 1006 233 1103 Μ·
280 1053 371 1122 „uon
386 1026 512 1129 pofflzot
528 1027 679 1112 occidere.
729 1027 812 1103 Divi
829 1042 856 1103 rt
874 1026 1009 1104 scilicet
1018 1030 1153 1103 timore

65 1140 67 1149 “
278 1127 344 1220 „dr
371 1127 580 1224 hominibus
608 1127 753 1224 quidem
787 1127 894 1203 dedit*
911 1125 1153 1226 potestatem:

277 1222 451 1321 ,uersum
471 1247 623 1323 corpus,
662 1224 798 1303 habent
824 1227 950 1320 enim3
992 1225 1076 1302 Deo
1091 1240 1154 1302 aut

273 1324 496 1424 „conjunxit
513 1327 685 1401 virtutem
705 1330 836 1401 timore
854 1326 1026 1402 timorem
1044 1325 1153 1421 ejicio

189 1451 193 1463 ¹
278 1422 345 1518 „dr
356 1422 484 1523 majori
506 1436 615 1503 metu
632 1426 731 1520 quod
752 1436 830 1517 erat
850 1426 972 1502 minus
986 1428 1153 1522 repercuti

90 1530 95 1537 '
278 1524 332 1615 „fi
348 1524 465 1611 enim,
489 1522 620 1620 inquit,
642 1524 770 1600 timere
788 1538 944 1622 oportet,
967 1525 1100 1601 timete
1116 1549 1153 1600 eu

278 1623 370 1721 „qui
398 1621 576 1720 potest&
600 1624 760 1698 animam
783 1623 822 1701 dr
846 1634 977 1721 corpus
1001 1625 1150 1721 perdere

278 1722 522 1823 „gehennom
590 1722 665 1798 Sed
692 1722 809 1797 dices:
847 1724 1032 1820 quomodo
1057 1722 1153 1821 poffil

278 1821 358 1914 „est
392 1822 508 1919 perire
536 1821 697 1898 animam
731 1821 770 1896 in
803 1819 1002 1919 gehenna?
1047 1822 1074 1897 fi
1115 1847 1153 1897 eo

212 1996 214 2007 s
279 1922 421 2020 „perit,
447 1922 688 2017 corrumpitur
701 1918 780 2018 ejus
797 1921 1067 1999 immortalitas.
1092 1925 1153 2010 ¹Qu

218 2114 220 2120 7
280 2021 419 2113 „modo
436 2033 561 2096 autem
576 2019 615 2096 dc
631 2042 784 2119 corpus,
816 2019 962 2096 sienim
980 2025 1153 2098 vermesi

140 2158 142 2163 ·
279 2118 348 2211 „dc
371 2119 496 2194 stridor
515 2119 680 2196 dentium
695 2119 866 2207 habetur,
898 2119 936 2197 δι
956 2121 1153 2197 immortali

280 2233 385 2309 „tem
405 2218 534 2295 induit.
600 2218 675 2294 Sed
690 2219 974 2309 attendendum,
1009 2222 1095 2316 quia
1114 2235 1153 2318 qu

151 2388 154 2392 .
177 2331 180 2337 '
279 2342 405 2409 „nunc
425 2319 478 2407 ait
499 2315 633 2416 perdere
652 2339 717 2415 pro
733 2320 853 2418 punire
874 2332 1065 2417 acceptum
1080 2318 1146 2396 est:

211 2468 212 2472 η
278 2418 404 2510 „enim
426 2419 578 2514 periret,
626 2441 700 2492 non
723 2417 808 2493 effet
832 2419 871 2492 in
892 2419 1079 2514 gehenna,
1129 2443 1153 2516 q*

211 2554 216 2572 ·
278 2517 505 2608 „viventium
526 2537 632 2615 poena
649 2515 716 2605 est,
738 2541 811 2591 non
825 2515 1035 2593 interemtio
1054 2520 1153 2617 perdi·

279 2637 406 2706 „tumr
431 2617 661 2713 nequeenim
679 2616 900 2693 convertitur
911 2617 1034 2693 anima
1051 2619 1098 2692 ad
1115 2643 1153 2694 m

228 2738 230 2743 ·
278 2714 507 2807 ‚,talitatem‚
551 2713 624 2789 sme
660 2715 872 2811 poenitentia
900 2718 997 2792 enim
1027 2715 1153 2792 suntl

278 2815 420 2905 „donat
446 2836 563 2911 neque
582 2812 844 2890 resurrectionis
858 2814 1035 2912 promiffio
1048 2816 1153 2911 infrid

276 2923 374 3006 „tur
445 2912 646 2990 Neceffaria
667 2925 789 2989 autem
811 2928 901 2989 erat¹
916 2914 1152 2992 &adhortati

278 3038 408 3102 „nonne
423 3011 488 3087 duo
503 3011 644 3111 pastores
663 3038 727 3087 uno
745 3011 865 3113 affinio
886 3012 1134 3114 dislrudunlur?

278 3123 388 3214 „unm
401 3136 446 3184 xeor
461 3113 537 3209 ipſse
548 3137 612 3186 non
629 3112 719 3186 cadit
734 3113 769 3188 ir
780 3124 902 3192 terram
906 3113 979 3227 stne
985 3127 1084 3211 parre
1095 3117 1153 3213 vesti

277 3211 362 3306 „qui
379 3211 414 3284 in
430 3211 517 3289 culis
535 3207 603 3311 est?
626 3210 731 3286 idest
750 3236 823 3285 non
838 3224 1000 3308 capietur
1015 3211 1089 3288 sme
1101 3214 1153 3288 Pal

225 3342 227 3347 ·
276 3308 437 3406 „vestroz
476 3306 641 3385 dautem
665 3333 732 3384 nec
748 3311 939 3386 minimum
956 3311 1153 3407 prodituri

165 3452 170 3458 -
274 3407 389 3498 ‚‚illo‚
425 3408 553 3483 multo
575 3408 692 3503 magis
715 3409 820 3486 vobis
840 3409 1016 3509 praebebit
1031 3410 1153 3486 defend

128 3541 144 3575 ι
199 3518 206 3535 “
274 3530 407 3597 „nem‚
441 3508 503 3603 qui
526 3506 629 3582 vestri
652 3507 810 3604 provisor
831 3507 880 3583 est
896 3509 1007 3587 etiam
1028 3534 1143 3608 usque

273 3605 456 3704 „capillon
482 3606 544 3702 qui
560 3629 687 3680 omnes
703 3608 883 3698 numerati
898 3606 990 3698 sunt.
1040 3610 1081 3686 Si
1098 3611 1153 3706 igit

270 3706 457 3800 „animam
469 3704 546 3803 jam
563 3706 719 3795 armavit
730 3706 1027 3804 inmortalitate,
1059 3732 1153 3785 carm

1074 3914 1076 3918 ¹
1112 3833 1153 3905 »ἃ
